@article{Reference1,
	Abstract = {We have developed an enhanced Littrow configuration extended cavity diode laser (ECDL) that can be tuned without changing the direction of the output beam. The output of a conventional Littrow ECDL is reflected from a plane mirror fixed parallel to the tuning diffraction grating. Using a free-space Michelson wavemeter to measure the laser wavelength, we can tune the laser over a range greater than 10 nm without any alteration of alignment.},
	Author = {C. J. Hawthorn and K. P. Weber and R. E. Scholten},
	Journal = {Review of Scientific Instruments},
	Month = {December},
	Number = {12},
	Numpages = {3},
	Pages = {4477--4479},
	Title = {Littrow Configuration Tunable External Cavity Diode Laser with Fixed Direction Output Beam},
	Volume = {72},
	Url = {http://link.aip.org/link/?RSI/72/4477/1},
	Year = {2001}}

@article{Reference3,
	Abstract = {Operating a laser diode in an extended cavity which provides frequency-selective feedback is a very effective method of reducing the laser's linewidth and improving its tunability. We have developed an extremely simple laser of this type, built from inexpensive commercial components with only a few minor modifications. A 780~nm laser built to this design has an output power of 80~mW, a linewidth of 350~kHz, and it has been continuously locked to a Doppler-free rubidium transition for several days.},
	Author = {A. S. Arnold and J. S. Wilson and M. G. Boshier},
	Journal = {Review of Scientific Instruments},
	Month = {March},
	Number = {3},
	Numpages = {4},
	Pages = {1236--1239},
	Title = {A Simple Extended-Cavity Diode Laser},
	Volume = {69},
	Url = {http://link.aip.org/link/?RSI/69/1236/1},
	Year = {1998}}

@article{Reference2,
	Abstract = {We present a review of the use of diode lasers in atomic physics with an extensive list of references. We discuss the relevant characteristics of diode lasers and explain how to purchase and use them. We also review the various techniques that have been used to control and narrow the spectral outputs of diode lasers. Finally we present a number of examples illustrating the use of diode lasers in atomic physics experiments. Review of Scientific Instruments is copyrighted by The American Institute of Physics.},
	Author = {Carl E. Wieman and Leo Hollberg},
	Journal = {Review of Scientific Instruments},
	Keywords = {Diode Laser},
	Month = {January},
	Number = {1},
	Numpages = {20},
	Pages = {1--20},
	Title = {Using Diode Lasers for Atomic Physics},
	Volume = {62},
	Url = {http://link.aip.org/link/?RSI/62/1/1},
	Year = {1991}}

@ARTICLE{2013ApJ...763L..28C,
   author = {{Chen}, T.-W. and {Smartt}, S.~J. and {Bresolin}, F. and {Pastorello}, A. and
	{Kudritzki}, R.-P. and {Kotak}, R. and {McCrum}, M. and {Fraser}, M. and
	{Valenti}, S.},
    title = "{The Host Galaxy of the Super-luminous SN 2010gx and Limits on Explosive $^{56}$Ni Production}",
  journal = {\apjl},
archivePrefix = "arXiv",
   eprint = {1210.4027},
 primaryClass = "astro-ph.CO",
 keywords = {supernovae: general, supernovae: individual: SN 2010gx},
     year = 2013,
    month = feb,
   volume = 763,
      eid = {L28},
    pages = {L28},
      doi = {10.1088/2041-8205/763/2/L28},
   adsurl = {http://adsabs.harvard.edu/abs/2013ApJ...763L..28C},
  adsnote = {Provided by the SAO/NASA Astrophysics Data System}
}

@ARTICLE{2003ApJ...594..279G,
   author = {{Gordon}, K.~D. and {Clayton}, G.~C. and {Misselt}, K.~A. and
	{Landolt}, A.~U. and {Wolff}, M.~J.},
    title = "{A Quantitative Comparison of the Small Magellanic Cloud, Large Magellanic Cloud, and Milky Way Ultraviolet to Near-Infrared Extinction Curves}",
  journal = {\apj},
   eprint = {astro-ph/0305257},
 keywords = {ISM: Dust, Extinction, Galaxies: ISM, Galaxies: Magellanic Clouds, Ultraviolet: ISM},
     year = 2003,
    month = sep,
   volume = 594,
    pages = {279-293},
      doi = {10.1086/376774},
   adsurl = {http://adsabs.harvard.edu/abs/2003ApJ...594..279G},
  adsnote = {Provided by the SAO/NASA Astrophysics Data System}
}

@ARTICLE{2007AJ....133..734B,
   author = {{Blanton}, M.~R. and {Roweis}, S.},
    title = "{K-Corrections and Filter Transformations in the Ultraviolet, Optical, and Near-Infrared}",
  journal = {\aj},
   eprint = {astro-ph/0606170},
 keywords = {galaxies: fundamental parameters, galaxies: photometry, galaxies: statistics},
     year = 2007,
    month = feb,
   volume = 133,
    pages = {734-754},
      doi = {10.1086/510127},
   adsurl = {http://adsabs.harvard.edu/abs/2007AJ....133..734B},
  adsnote = {Provided by the SAO/NASA Astrophysics Data System}
}

@ARTICLE{2006AJ....132.1126N,
   author = {{Neill}, J.~D. and {Sullivan}, M. and {Balam}, D. and {Pritchet}, C.~J. and
	{Howell}, D.~A. and {Perrett}, K. and {Astier}, P. and {Aubourg}, E. and
	{Basa}, S. and {Carlberg}, R.~G. and {Conley}, A. and {Fabbro}, S. and
	{Fouchez}, D. and {Guy}, J. and {Hook}, I. and {Pain}, R. and
	{Palanque-Delabrouille}, N. and {Regnault}, N. and {Rich}, J. and
	{Taillet}, R. and {Aldering}, G. and {Antilogus}, P. and {Arsenijevic}, V. and
	{Balland}, C. and {Baumont}, S. and {Bronder}, J. and {Ellis}, R.~S. and
	{Filiol}, M. and {Gon{\c c}alves}, A.~C. and {Hardin}, D. and
	{Kowalski}, M. and {Lidman}, C. and {Lusset}, V. and {Mouchet}, M. and
	{Mourao}, A. and {Perlmutter}, S. and {Ripoche}, P. and {Schlegel}, D. and
	{Tao}, C.},
    title = "{The Type Ia Supernova Rate at z\~{}0.5 from the Supernova Legacy Survey}",
  journal = {\aj},
   eprint = {astro-ph/0605148},
 keywords = {Galaxies: Evolution, Galaxies: High-Redshift, Stars: Supernovae: General},
     year = 2006,
    month = sep,
   volume = 132,
    pages = {1126-1145},
      doi = {10.1086/505532},
   adsurl = {http://adsabs.harvard.edu/abs/2006AJ....132.1126N},
  adsnote = {Provided by the SAO/NASA Astrophysics Data System}
}

@ARTICLE{2013A&A...559A..14L,
   author = {{Le F{\`e}vre}, O. and {Cassata}, P. and {Cucciati}, O. and
	{Garilli}, B. and {Ilbert}, O. and {Le Brun}, V. and {Maccagni}, D. and
	{Moreau}, C. and {Scodeggio}, M. and {Tresse}, L. and {Zamorani}, G. and
	{Adami}, C. and {Arnouts}, S. and {Bardelli}, S. and {Bolzonella}, M. and
	{Bondi}, M. and {Bongiorno}, A. and {Bottini}, D. and {Cappi}, A. and
	{Charlot}, S. and {Ciliegi}, P. and {Contini}, T. and {de la Torre}, S. and
	{Foucaud}, S. and {Franzetti}, P. and {Gavignaud}, I. and {Guzzo}, L. and
	{Iovino}, A. and {Lemaux}, B. and {L{\'o}pez-Sanjuan}, C. and
	{McCracken}, H.~J. and {Marano}, B. and {Marinoni}, C. and {Mazure}, A. and
	{Mellier}, Y. and {Merighi}, R. and {Merluzzi}, P. and {Paltani}, S. and
	{Pell{\`o}}, R. and {Pollo}, A. and {Pozzetti}, L. and {Scaramella}, R. and
	{Tasca}, L. and {Vergani}, D. and {Vettolani}, G. and {Zanichelli}, A. and
	{Zucca}, E.},
    title = "{The VIMOS VLT Deep Survey final data release: a spectroscopic sample of 35 016 galaxies and AGN out to z \~{} 6.7 selected with 17.5 {\le} i$_{AB}$ {\le} 24.75}",
  journal = {\aap},
archivePrefix = "arXiv",
   eprint = {1307.0545},
 keywords = {galaxies: evolution, galaxies: formation, galaxies: high-redshift, cosmology: observations, large-scale structure of Universe, surveys},
     year = 2013,
    month = nov,
   volume = 559,
      eid = {A14},
    pages = {A14},
      doi = {10.1051/0004-6361/201322179},
   adsurl = {http://adsabs.harvard.edu/abs/2013A%26A...559A..14L},
  adsnote = {Provided by the SAO/NASA Astrophysics Data System}
}

@ARTICLE{2007ApJS..172...70L,
   author = {{Lilly}, S.~J. and {Le F{\`e}vre}, O. and {Renzini}, A. and
	{Zamorani}, G. and {Scodeggio}, M. and {Contini}, T. and {Carollo}, C.~M. and
	{Hasinger}, G. and {Kneib}, J.-P. and {Iovino}, A. and {Le Brun}, V. and
	{Maier}, C. and {Mainieri}, V. and {Mignoli}, M. and {Silverman}, J. and
	{Tasca}, L.~A.~M. and {Bolzonella}, M. and {Bongiorno}, A. and
	{Bottini}, D. and {Capak}, P. and {Caputi}, K. and {Cimatti}, A. and
	{Cucciati}, O. and {Daddi}, E. and {Feldmann}, R. and {Franzetti}, P. and
	{Garilli}, B. and {Guzzo}, L. and {Ilbert}, O. and {Kampczyk}, P. and
	{Kovac},, K. and {Lamareille}, F. and {Leauthaud}, A. and {Borgne}, J.-F.~L. and
	{McCracken}, H.~J. and {Marinoni}, C. and {Pello}, R. and {Ricciardelli}, E. and
	{Scarlata}, C. and {Vergani}, D. and {Sanders}, D.~B. and {Schinnerer}, E. and
	{Scoville}, N. and {Taniguchi}, Y. and {Arnouts}, S. and {Aussel}, H. and
	{Bardelli}, S. and {Brusa}, M. and {Cappi}, A. and {Ciliegi}, P. and
	{Finoguenov}, A. and {Foucaud}, S. and {Franceschini}, A. and
	{Halliday}, C. and {Impey}, C. and {Knobel}, C. and {Koekemoer}, A. and
	{Kurk}, J. and {Maccagni}, D. and {Maddox}, S. and {Marano}, B. and
	{Marconi}, G. and {Meneux}, B. and {Mobasher}, B. and {Moreau}, C. and
	{Peacock}, J.~A. and {Porciani}, C. and {Pozzetti}, L. and {Scaramella}, R. and
	{Schiminovich}, D. and {Shopbell}, P. and {Smail}, I. and {Thompson}, D. and
	{Tresse}, L. and {Vettolani}, G. and {Zanichelli}, A. and {Zucca}, E.
	},
    title = "{zCOSMOS: A Large VLT/VIMOS Redshift Survey Covering 0 $\lt$ z $\lt$ 3 in the COSMOS Field}",
  journal = {\apjs},
   eprint = {astro-ph/0612291},
 keywords = {Cosmology: Observations, Galaxies: Active, Galaxies: Distances and Redshifts, Galaxies: Evolution, Cosmology: Large-Scale Structure of Universe, Galaxies: Quasars: General, Surveys},
     year = 2007,
    month = sep,
   volume = 172,
    pages = {70-85},
      doi = {10.1086/516589},
   adsurl = {http://adsabs.harvard.edu/abs/2007ApJS..172...70L},
  adsnote = {Provided by the SAO/NASA Astrophysics Data System}
}

@ARTICLE{2006AJ....131..960S,
   author = {{Sullivan}, M. and {Howell}, D.~A. and {Perrett}, K. and {Nugent}, P.~E. and
	{Astier}, P. and {Aubourg}, E. and {Balam}, D. and {Basa}, S. and
	{Carlberg}, R.~G. and {Conley}, A. and {Fabbro}, S. and {Fouchez}, D. and
	{Guy}, J. and {Hook}, I. and {Lafoux}, H. and {Neill}, J.~D. and
	{Pain}, R. and {Palanque-Delabrouille}, N. and {Pritchet}, C.~J. and
	{Regnault}, N. and {Rich}, J. and {Taillet}, R. and {Aldering}, G. and
	{Baumont}, S. and {Bronder}, J. and {Filiol}, M. and {Knop}, R.~A. and
	{Perlmutter}, S. and {Tao}, C.},
    title = "{Photometric Selection of High-Redshift Type Ia Supernova Candidates}",
  journal = {\aj},
   eprint = {astro-ph/0510857},
 keywords = {Cosmology: Distance Scale, Stars: Supernovae: General, Surveys},
     year = 2006,
    month = feb,
   volume = 131,
    pages = {960-972},
      doi = {10.1086/499302},
   adsurl = {http://adsabs.harvard.edu/abs/2006AJ....131..960S},
  adsnote = {Provided by the SAO/NASA Astrophysics Data System}
}

@article{2014ApJ...781...13L,
	Adsnote = {Provided by the SAO/NASA Astrophysics Data System},
	Adsurl = {http://adsabs.harvard.edu/abs/2014ApJ...781...13L},
	Archiveprefix = {arXiv},
	Author = {{Levan}, A.~J. and {Tanvir}, N.~R. and {Starling}, R.~L.~C. and {Wiersema}, K. and {Page}, K.~L. and {Perley}, D.~A. and {Schulze}, S. and {Wynn}, G.~A. and {Chornock}, R. and {Hjorth}, J. and {Cenko}, S.~B. and {Fruchter}, A.~S. and {O'Brien}, P.~T. and {Brown}, G.~C. and {Tunnicliffe}, R.~L. and {Malesani}, D. and {Jakobsson}, P. and {Watson}, D. and {Berger}, E. and {Bersier}, D. and {Cobb}, B.~E. and {Covino}, S. and {Cucchiara}, A. and {de Ugarte Postigo}, A. and {Fox}, D.~B. and {Gal-Yam}, A. and {Goldoni}, P. and {Gorosabel}, J. and {Kaper}, L. and {Kr{\"u}hler}, T. and {Karjalainen}, R. and {Osborne}, J.~P. and {Pian}, E. and {S{\'a}nchez-Ram{\'{\i}}rez}, R. and {Schmidt}, B. and {Skillen}, I. and {Tagliaferri}, G. and {Th{\"o}ne}, C. and {Vaduvescu}, O. and {Wijers}, R.~A.~M.~J. and {Zauderer}, B.~A.},
	Date-Added = {2016-02-05 17:45:05 +0000},
	Date-Modified = {2016-02-05 17:45:05 +0000},
	Doi = {10.1088/0004-637X/781/1/13},
	Eid = {13},
	Eprint = {1302.2352},
	Journal = {\apj},
	Keywords = {galaxies: distances and redshifts, gamma-ray burst: general, gamma-ray burst: individual: GRB 101225A GRB 111209A GRB 121027A},
	Month = jan,
	Pages = {13},
	Primaryclass = {astro-ph.HE},
	Title = {{A New Population of Ultra-long Duration Gamma-Ray Bursts}},
	Volume = 781,
	Year = 2014,
	Bdsk-Url-1 = {http://dx.doi.org/10.1088/0004-637X/781/1/13}}

@article{2013ApJ...766...30G,
	Adsnote = {Provided by the SAO/NASA Astrophysics Data System},
	Adsurl = {http://adsabs.harvard.edu/abs/2013ApJ...766...30G},
	Archiveprefix = {arXiv},
	Author = {{Gendre}, B. and {Stratta}, G. and {Atteia}, J.~L. and {Basa}, S. and {Bo{\"e}r}, M. and {Coward}, D.~M. and {Cutini}, S. and {D'Elia}, V. and {Howell}, E.~J. and {Klotz}, A. and {Piro}, L.},
	Date-Added = {2016-02-05 16:42:44 +0000},
	Date-Modified = {2016-02-05 16:42:44 +0000},
	Doi = {10.1088/0004-637X/766/1/30},
	Eid = {30},
	Eprint = {1212.2392},
	Journal = {\apj},
	Keywords = {gamma-ray burst: individual: GRB111209A},
	Month = mar,
	Pages = {30},
	Primaryclass = {astro-ph.HE},
	Title = {{The Ultra-long Gamma-Ray Burst 111209A: The Collapse of a Blue Supergiant?}},
	Volume = 766,
	Year = 2013,
	Bdsk-Url-1 = {http://dx.doi.org/10.1088/0004-637X/766/1/30}}

@article{2013A&A...552A.124B,
	Adsnote = {Provided by the SAO/NASA Astrophysics Data System},
	Adsurl = {http://adsabs.harvard.edu/abs/2013A%26A...552A.124B},
	Archiveprefix = {arXiv},
	Author = {{Betoule}, M. and {Marriner}, J. and {Regnault}, N. and {Cuillandre}, J.-C. and {Astier}, P. and {Guy}, J. and {Balland}, C. and {El Hage}, P. and {Hardin}, D. and {Kessler}, R. and {Le Guillou}, L. and {Mosher}, J. and {Pain}, R. and {Rocci}, P.-F. and {Sako}, M. and {Schahmaneche}, K.},
	Doi = {10.1051/0004-6361/201220610},
	Eid = {A124},
	Eprint = {1212.4864},
	Journal = {\aap},
	Keywords = {cosmology: observations, techniques: photometric, methods: observational},
	Month = apr,
	Pages = {A124},
	Title = {{Improved photometric calibration of the SNLS and the SDSS supernova surveys}},
	Volume = 552,
	Year = 2013,
	Bdsk-Url-1 = {http://dx.doi.org/10.1051/0004-6361/201220610}}

@article{2011MNRAS.410.1262W,
	Adsnote = {Provided by the SAO/NASA Astrophysics Data System},
	Adsurl = {http://adsabs.harvard.edu/abs/2011MNRAS.410.1262W},
	Archiveprefix = {arXiv},
	Author = {{Walker}, E.~S. and {Hook}, I.~M. and {Sullivan}, M. and {Howell}, D.~A. and {Astier}, P. and {Balland}, C. and {Basa}, S. and {Bronder}, T.~J. and {Carlberg}, R. and {Conley}, A. and {Fouchez}, D. and {Guy}, J. and {Hardin}, D. and {Pain}, R. and {Perrett}, K. and {Pritchet}, C. and {Regnault}, N. and {Rich}, J. and {Aldering}, G. and {Fakhouri}, H.~K. and {Kronborg}, T. and {Palanque-Delabrouille}, N. and {Perlmutter}, S. and {Ruhlmann-Kleider}, V. and {Zhang}, T.},
	Doi = {10.1111/j.1365-2966.2010.17519.x},
	Eprint = {1008.2308},
	Journal = {\mnras},
	Keywords = {cosmology: observations, supernovae: general},
	Month = jan,
	Pages = {1262-1282},
	Title = {{Supernova Legacy Survey: using spectral signatures to improve Type Ia supernovae as distance indicators}},
	Volume = 410,
	Year = 2011,
	Bdsk-Url-1 = {http://dx.doi.org/10.1111/j.1365-2966.2010.17519.x}}

@article{2009ApJ...690.1358B,
	Adsnote = {Provided by the SAO/NASA Astrophysics Data System},
	Adsurl = {http://adsabs.harvard.edu/abs/2009ApJ...690.1358B},
	Archiveprefix = {arXiv},
	Author = {{Barbary}, K. and {Dawson}, K.~S. and {Tokita}, K. and {Aldering}, G. and {Amanullah}, R. and {Connolly}, N.~V. and {Doi}, M. and {Faccioli}, L. and {Fadeyev}, V. and {Fruchter}, A.~S. and {Goldhaber}, G. and {Goobar}, A. and {Gude}, A. and {Huang}, X. and {Ihara}, Y. and {Konishi}, K. and {Kowalski}, M. and {Lidman}, C. and {Meyers}, J. and {Morokuma}, T. and {Nugent}, P. and {Perlmutter}, S. and {Rubin}, D. and {Schlegel}, D. and {Spadafora}, A.~L. and {Suzuki}, N. and {Swift}, H.~K. and {Takanashi}, N. and {Thomas}, R.~C. and {Yasuda}, N.},
	Doi = {10.1088/0004-637X/690/2/1358},
	Eprint = {0809.1648},
	Journal = {\apj},
	Keywords = {stars: variables: other},
	Month = jan,
	Pages = {1358-1362},
	Title = {{Discovery of an Unusual Optical Transient with the Hubble Space Telescope}},
	Volume = 690,
	Year = 2009,
	Bdsk-Url-1 = {http://dx.doi.org/10.1088/0004-637X/690/2/1358}}

@ARTICLE{2016ApJ...818L...8S,
   author = {{Smith}, M. and {Sullivan}, M. and {D'Andrea}, C.~B. and {Castander}, F.~J. and
	{Casas}, R. and {Prajs}, S. and {Papadopoulos}, A. and {Nichol}, R.~C. and
	{Karpenka}, N.~V. and {Bernard}, S.~R. and {Brown}, P. and {Cartier}, R. and
	{Cooke}, J. and {Curtin}, C. and {Davis}, T.~M. and {Finley}, D.~A. and
	{Foley}, R.~J. and {Gal-Yam}, A. and {Goldstein}, D.~A. and
	{Gonz{\'a}lez-Gait{\'a}n}, S. and {Gupta}, R.~R. and {Howell}, D.~A. and
	{Inserra}, C. and {Kessler}, R. and {Lidman}, C. and {Marriner}, J. and
	{Nugent}, P. and {Pritchard}, T.~A. and {Sako}, M. and {Smartt}, S. and
	{Smith}, R.~C. and {Spinka}, H. and {Thomas}, R.~C. and {Wolf}, R.~C. and
	{Zenteno}, A. and {Abbott}, T.~M.~C. and {Benoit-L{\'e}vy}, A. and
	{Bertin}, E. and {Brooks}, D. and {Buckley-Geer}, E. and {Carnero Rosell}, A. and
	{Carrasco Kind}, M. and {Carretero}, J. and {Crocce}, M. and
	{Cunha}, C.~E. and {da Costa}, L.~N. and {Desai}, S. and {Diehl}, H.~T. and
	{Doel}, P. and {Estrada}, J. and {Evrard}, A.~E. and {Flaugher}, B. and
	{Fosalba}, P. and {Frieman}, J. and {Gerdes}, D.~W. and {Gruen}, D. and
	{Gruendl}, R.~A. and {James}, D.~J. and {Kuehn}, K. and {Kuropatkin}, N. and
	{Lahav}, O. and {Li}, T.~S. and {Marshall}, J.~L. and {Martini}, P. and
	{Miller}, C.~J. and {Miquel}, R. and {Nord}, B. and {Ogando}, R. and
	{Plazas}, A.~A. and {Reil}, K. and {Romer}, A.~K. and {Roodman}, A. and
	{Rykoff}, E.~S. and {Sanchez}, E. and {Scarpine}, V. and {Schubnell}, M. and
	{Sevilla-Noarbe}, I. and {Soares-Santos}, M. and {Sobreira}, F. and
	{Suchyta}, E. and {Swanson}, M.~E.~C. and {Tarle}, G. and {Walker}, A.~R. and
	{Wester}, W. and {DES Collaboration}},
    title = "{DES14X3taz: A Type I Superluminous Supernova Showing a Luminous, Rapidly Cooling Initial Pre-peak Bump}",
  journal = {\apjl},
archivePrefix = "arXiv",
   eprint = {1512.06043},
 primaryClass = "astro-ph.SR",
 keywords = {supernovae: general},
     year = 2016,
    month = feb,
   volume = 818,
      eid = {L8},
    pages = {L8},
      doi = {10.3847/2041-8205/818/1/L8},
   adsurl = {http://adsabs.harvard.edu/abs/2016ApJ...818L...8S},
  adsnote = {Provided by the SAO/NASA Astrophysics Data System}}

@article{2009A&A...499..653B,
	Adsnote = {Provided by the SAO/NASA Astrophysics Data System},
	Adsurl = {http://adsabs.harvard.edu/abs/2009A%26A...499..653B},
	Archiveprefix = {arXiv},
	Author = {{Bazin}, G. and {Palanque-Delabrouille}, N. and {Rich}, J. and {Ruhlmann-Kleider}, V. and {Aubourg}, E. and {Le Guillou}, L. and {Astier}, P. and {Balland}, C. and {Basa}, S. and {Carlberg}, R.~G. and {Conley}, A. and {Fouchez}, D. and {Guy}, J. and {Hardin}, D. and {Hook}, I.~M. and {Howell}, D.~A. and {Pain}, R. and {Perrett}, K. and {Pritchet}, C.~J. and {Regnault}, N. and {Sullivan}, M. and {Antilogus}, P. and {Arsenijevic}, V. and {Baumont}, S. and {Fabbro}, S. and {Le Du}, J. and {Lidman}, C. and {Mouchet}, M. and {Mour{\~a}o}, A. and {Walker}, E.~S.},
	Date-Modified = {2016-02-02 10:07:53 +0000},
	Eprint = {0904.1066},
	Journal = {\aap},
	Keywords = {supernovae: general, stars: evolution, surveys},
	Month = jun,
	Pages = {653-660},
	Title = {{The core-collapse rate from the Supernova Legacy Survey}},
	Volume = 499,
	Year = 2009,
	Bdsk-Url-1 = {http://dx.doi.org/10.1051/0004-6361/200911847}}

@article{2011ApJ...735..106D,
	Adsnote = {Provided by the SAO/NASA Astrophysics Data System},
	Adsurl = {http://adsabs.harvard.edu/abs/2011ApJ...735..106D},
	Archiveprefix = {arXiv},
	Author = {{Drake}, A.~J. and {Djorgovski}, S.~G. and {Mahabal}, A. and {Anderson}, J. and {Roy}, R. and {Mohan}, V. and {Ravindranath}, S. and {Frail}, D. and {Gezari}, S. and {Neill}, J.~D. and {Ho}, L.~C. and {Prieto}, J.~L. and {Thompson}, D. and {Thorstensen}, J. and {Wagner}, M. and {Kowalski}, R. and {Chiang}, J. and {Grove}, J.~E. and {Schinzel}, F.~K. and {Wood}, D.~L. and {Carrasco}, L. and {Recillas}, E. and {Kewley}, L. and {Archana}, K.~N. and {Basu}, A. and {Wadadekar}, Y. and {Kumar}, B. and {Myers}, A.~D. and {Phinney}, E.~S. and {Williams}, R. and {Graham}, M.~J. and {Catelan}, M. and {Beshore}, E. and {Larson}, S. and {Christensen}, E.},
	Date-Modified = {2016-02-02 10:07:53 +0000},
	Eid = {106},
	Eprint = {1103.5514},
	Journal = {\apj},
	Keywords = {galaxies: active, galaxies: nuclei, galaxies: stellar content, supernovae: general},
	Month = jul,
	Pages = {106},
	Title = {{The Discovery and Nature of the Optical Transient CSS100217:102913+404220}},
	Volume = 735,
	Year = 2011,
	Bdsk-Url-1 = {http://dx.doi.org/10.1088/0004-637X/735/2/106}}

@article{2013ApJ...773...76C,
	Adsnote = {Provided by the SAO/NASA Astrophysics Data System},
	Adsurl = {http://adsabs.harvard.edu/abs/2013ApJ...773...76C},
	Archiveprefix = {arXiv},
	Author = {{Chatzopoulos}, E. and {Wheeler}, J.~C. and {Vinko}, J. and {Horvath}, Z.~L. and {Nagy}, A.},
	Date-Modified = {2016-02-02 10:07:53 +0000},
	Eid = {76},
	Eprint = {1306.3447},
	Journal = {\apj},
	Keywords = {circumstellar matter, stars: evolution, stars: mass-loss, supernovae: general},
	Month = aug,
	Pages = {76},
	Primaryclass = {astro-ph.HE},
	Title = {{Analytical Light Curve Models of Superluminous Supernovae: {$\chi$}$^{2}$-minimization of Parameter Fits}},
	Volume = 773,
	Year = 2013,
	Bdsk-Url-1 = {http://dx.doi.org/10.1088/0004-637X/773/1/76}}

@article{2011ApJ...742..111V,
	Adsnote = {Provided by the SAO/NASA Astrophysics Data System},
	Adsurl = {http://adsabs.harvard.edu/abs/2011ApJ...742..111V},
	Archiveprefix = {arXiv},
	Author = {{van der Wel}, A. and {Straughn}, A.~N. and {Rix}, H.-W. and {Finkelstein}, S.~L. and {Koekemoer}, A.~M. and {Weiner}, B.~J. and {Wuyts}, S. and {Bell}, E.~F. and {Faber}, S.~M. and {Trump}, J.~R. and {Koo}, D.~C. and {Ferguson}, H.~C. and {Scarlata}, C. and {Hathi}, N.~P. and {Dunlop}, J.~S. and {Newman}, J.~A. and {Dickinson}, M. and {Jahnke}, K. and {Salmon}, B.~W. and {de Mello}, D.~F. and {Kocevski}, D.~D. and {Lai}, K. and {Grogin}, N.~A. and {Rodney}, S.~A. and {Guo}, Y. and {McGrath}, E.~J. and {Lee}, K.-S. and {Barro}, G. and {Huang}, K.-H. and {Riess}, A.~G. and {Ashby}, M.~L.~N. and {Willner}, S.~P.},
	Date-Modified = {2016-02-02 10:07:53 +0000},
	Eid = {111},
	Eprint = {1107.5256},
	Journal = {\apj},
	Keywords = {galaxies: dwarf, galaxies: evolution, galaxies: formation, galaxies: high-redshift, galaxies: starburst},
	Month = dec,
	Pages = {111},
	Title = {{Extreme Emission-line Galaxies in CANDELS: Broadband-selected, Starbursting Dwarf Galaxies at z $\gt$ 1}},
	Volume = 742,
	Year = 2011,
	Bdsk-Url-1 = {http://dx.doi.org/10.1088/0004-637X/742/2/111}}

@article{2015arXiv151000834S,
	Adsnote = {Provided by the SAO/NASA Astrophysics Data System},
	Adsurl = {http://adsabs.harvard.edu/abs/2015arXiv151000834S},
	Archiveprefix = {arXiv},
	Author = {{Sorokina}, E. and {Blinnikov}, S. and {Nomoto}, K. and {Quimby}, R. and {Tolstov}, A.},
	Eprint = {1510.00834},
	Journal = {ArXiv e-prints},
	Keywords = {Astrophysics - High Energy Astrophysical Phenomena, Astrophysics - Solar and Stellar Astrophysics},
	Month = oct,
	Primaryclass = {astro-ph.HE},
	Title = {{Type I Superluminous Supernovae as Explosions inside Non-Hydrogen Circumstellar Envelopes}},
	Year = 2015}

@article{2015ApJ...814..108Y,
	Adsnote = {Provided by the SAO/NASA Astrophysics Data System},
	Adsurl = {http://adsabs.harvard.edu/abs/2015ApJ...814..108Y},
	Archiveprefix = {arXiv},
	Author = {{Yan}, L. and {Quimby}, R. and {Ofek}, E. and {Gal-Yam}, A. and {Mazzali}, P. and {Perley}, D. and {Vreeswijk}, P.~M. and {Leloudas}, G. and {de Cia}, A. and {Masci}, F. and {Cenko}, S.~B. and {Cao}, Y. and {Kulkarni}, S.~R. and {Nugent}, P.~E. and {Rebbapragada}, U.~D. and {Wo{\'z}niak}, P.~R. and {Yaron}, O.},
	Date-Modified = {2016-02-02 10:07:53 +0000},
	Eid = {108},
	Eprint = {1508.04420},
	Journal = {\apj},
	Keywords = {supernovae: general, supernovae: individual: iPTF13ehe, SN2007bi, PTF12dam},
	Month = dec,
	Pages = {108},
	Title = {{Detection of Broad H{$\alpha$} Emission Lines in the Late-time Spectra of a Hydrogen-poor Superluminous Supernova}},
	Volume = 814,
	Year = 2015,
	Bdsk-Url-1 = {http://dx.doi.org/10.1088/0004-637X/814/2/108}}

@article{2007ApJ...666.1116S,
	Adsnote = {Provided by the SAO/NASA Astrophysics Data System},
	Adsurl = {http://adsabs.harvard.edu/abs/2007ApJ...666.1116S},
	Author = {{Smith}, N. and {Li}, W. and {Foley}, R.~J. and {Wheeler}, J.~C. and {Pooley}, D. and {Chornock}, R. and {Filippenko}, A.~V. and {Silverman}, J.~M. and {Quimby}, R. and {Bloom}, J.~S. and {Hansen}, C.},
	Date-Modified = {2016-02-02 10:07:53 +0000},
	Eprint = {astro-ph/0612617},
	Journal = {\apj},
	Keywords = {Stars: Circumstellar Matter, Stars: Evolution, supernovae: individual (SN 2006gy)},
	Month = sep,
	Pages = {1116-1128},
	Title = {{SN 2006gy: Discovery of the Most Luminous Supernova Ever Recorded, Powered by the Death of an Extremely Massive Star like {$\eta$} Carinae}},
	Volume = 666,
	Year = 2007,
	Bdsk-Url-1 = {http://dx.doi.org/10.1086/519949}}

@article{2011ApJ...737..102S,
	Adsnote = {Provided by the SAO/NASA Astrophysics Data System},
	Adsurl = {http://adsabs.harvard.edu/abs/2011ApJ...737..102S},
	Archiveprefix = {arXiv},
	Author = {{Sullivan}, M. and {Guy}, J. and {Conley}, A. and {Regnault}, N. and {Astier}, P. and {Balland}, C. and {Basa}, S. and {Carlberg}, R.~G. and {Fouchez}, D. and {Hardin}, D. and {Hook}, I.~M. and {Howell}, D.~A. and {Pain}, R. and {Palanque-Delabrouille}, N. and {Perrett}, K.~M. and {Pritchet}, C.~J. and {Rich}, J. and {Ruhlmann-Kleider}, V. and {Balam}, D. and {Baumont}, S. and {Ellis}, R.~S. and {Fabbro}, S. and {Fakhouri}, H.~K. and {Fourmanoit}, N. and {Gonz{\'a}lez-Gait{\'a}n}, S. and {Graham}, M.~L. and {Hudson}, M.~J. and {Hsiao}, E. and {Kronborg}, T. and {Lidman}, C. and {Mourao}, A.~M. and {Neill}, J.~D. and {Perlmutter}, S. and {Ripoche}, P. and {Suzuki}, N. and {Walker}, E.~S.},
	Date-Modified = {2016-02-02 10:07:53 +0000},
	Eid = {102},
	Eprint = {1104.1444},
	Journal = {\apj},
	Keywords = {cosmological parameters, cosmology: observations, supernovae: general, surveys},
	Month = aug,
	Pages = {102},
	Primaryclass = {astro-ph.CO},
	Title = {{SNLS3: Constraints on Dark Energy Combining the Supernova Legacy Survey Three-year Data with Other Probes}},
	Volume = 737,
	Year = 2011,
	Bdsk-Url-1 = {http://dx.doi.org/10.1088/0004-637X/737/2/102}}

@article{2006ApJ...651..142H,
	Adsnote = {Provided by the SAO/NASA Astrophysics Data System},
	Adsurl = {http://adsabs.harvard.edu/abs/2006ApJ...651..142H},
	Author = {{Hopkins}, A.~M. and {Beacom}, J.~F.},
	Date-Added = {2015-12-18 14:35:58 +0000},
	Date-Modified = {2016-02-02 10:07:53 +0000},
	Eprint = {astro-ph/0601463},
	Journal = {\apj},
	Keywords = {Galaxies: Evolution, Galaxies: Formation, Galaxies: Starburst, Neutrinos, Stars: Supernovae: General},
	Month = nov,
	Pages = {142-154},
	Title = {{On the Normalization of the Cosmic Star Formation History}},
	Volume = 651,
	Year = 2006,
	Bdsk-Url-1 = {http://dx.doi.org/10.1086/506610}}

@article{2012A&amp;A...545A..96M,
	Adsnote = {Provided by the SAO/NASA Astrophysics Data System},
	Adsurl = {http://adsabs.harvard.edu/abs/2012A%26A...545A..96M},
	Archiveprefix = {arXiv},
	Author = {{Melinder}, J. and {Dahlen}, T. and {Menc{\'{\i}}a Trinchant}, L. and {{\"O}stlin}, G. and {Mattila}, S. and {Sollerman}, J. and {Fransson}, C. and {Hayes}, M. and {Kankare}, E. and {Nasoudi-Shoar}, S.},
	Date-Added = {2015-11-20 12:25:51 +0000},
	Date-Modified = {2016-02-02 10:07:53 +0000},
	Eid = {A96},
	Eprint = {1206.6897},
	Journal = {\aap},
	Keywords = {supernovae: general, surveys, galaxies: stellar content},
	Month = sep,
	Pages = {A96},
	Title = {{The rate of supernovae at redshift 0.1-1.0. The Stockholm VIMOS Supernova Survey III}},
	Volume = 545,
	Year = 2012,
	Bdsk-Url-1 = {http://dx.doi.org/10.1051/0004-6361/201219364}}

@article{2015arXiv151001621M,
	Adsnote = {Provided by the SAO/NASA Astrophysics Data System},
	Adsurl = {http://adsabs.harvard.edu/abs/2015arXiv151001621M},
	Archiveprefix = {arXiv},
	Author = {{Moriya}, T.~J. and {Liu}, Z.-W. and {Mackey}, J. and {Chen}, T.-W. and {Langer}, N.},
	Date-Added = {2015-11-20 12:12:29 +0000},
	Date-Modified = {2015-11-20 12:12:29 +0000},
	Eprint = {1510.01621},
	Journal = {ArXiv e-prints},
	Keywords = {Astrophysics - High Energy Astrophysical Phenomena, Astrophysics - Solar and Stellar Astrophysics},
	Month = oct,
	Primaryclass = {astro-ph.HE},
	Title = {{Revealing the binary origin of Type Ic superluminous supernovae through nebular hydrogen emission}},
	Year = 2015}

@article{2015arXiv151103740N,
	Adsnote = {Provided by the SAO/NASA Astrophysics Data System},
	Adsurl = {http://adsabs.harvard.edu/abs/2015arXiv151103740N},
	Archiveprefix = {arXiv},
	Author = {{Nicholl}, M. and {Smartt}, S.~J.},
	Date-Added = {2015-11-20 12:11:40 +0000},
	Date-Modified = {2015-11-20 12:11:40 +0000},
	Eprint = {1511.03740},
	Journal = {ArXiv e-prints},
	Keywords = {Astrophysics - Solar and Stellar Astrophysics, Astrophysics - High Energy Astrophysical Phenomena},
	Month = nov,
	Primaryclass = {astro-ph.SR},
	Title = {{Seeing double: the frequency and detectability of double-peaked superluminous supernova light curves}},
	Year = 2015}

@ARTICLE{2015ApJ...815L..10L,
   author = {{Leloudas}, G. and {Patat}, F. and {Maund}, J.~R. and {Hsiao}, E. and
	{Malesani}, D. and {Schulze}, S. and {Contreras}, C. and {de Ugarte Postigo}, A. and
	{Sollerman}, J. and {Stritzinger}, M.~D. and {Taddia}, F. and
	{Wheeler}, J.~C. and {Gorosabel}, J.},
    title = "{Polarimetry of the Superluminous Supernova LSQ14mo: No Evidence for Significant Deviations from Spherical Symmetry}",
  journal = {\apjl},
archivePrefix = "arXiv",
   eprint = {1511.04522},
 primaryClass = "astro-ph.SR",
 keywords = {supernovae: general, supernovae: individual: LSQ14mo},
     year = 2015,
    month = dec,
   volume = 815,
      eid = {L10},
    pages = {L10},
      doi = {10.1088/2041-8205/815/1/L10},
   adsurl = {http://adsabs.harvard.edu/abs/2015ApJ...815L..10L},
  adsnote = {Provided by the SAO/NASA Astrophysics Data System}
}

@article{2015MNRAS.446.3895F,
	Adsnote = {Provided by the SAO/NASA Astrophysics Data System},
	Adsurl = {http://adsabs.harvard.edu/abs/2015MNRAS.446.3895F},
	Archiveprefix = {arXiv},
	Author = {{Firth}, R.~E. and {Sullivan}, M. and {Gal-Yam}, A. and {Howell}, D.~A. and {Maguire}, K. and {Nugent}, P. and {Piro}, A.~L. and {Baltay}, C. and {Feindt}, U. and {Hadjiyksta}, E. and {McKinnon}, R. and {Ofek}, E. and {Rabinowitz}, D. and {Walker}, E.~S.},
	Date-Added = {2015-11-17 11:59:19 +0000},
	Date-Modified = {2016-02-02 10:07:53 +0000},
	Eprint = {1411.1064},
	Journal = {\mnras},
	Keywords = {supernovae: general},
	Month = feb,
	Pages = {3895-3910},
	Primaryclass = {astro-ph.HE},
	Title = {{The rising light curves of Type Ia supernovae}},
	Volume = 446,
	Year = 2015,
	Bdsk-Url-1 = {http://dx.doi.org/10.1093/mnras/stu2314}}

@article{2006A&amp;A...457..841I,
	Adsnote = {Provided by the SAO/NASA Astrophysics Data System},
	Adsurl = {http://adsabs.harvard.edu/abs/2006A%26A...457..841I},
	Author = {{Ilbert}, O. and {Arnouts}, S. and {McCracken}, H.~J. and {Bolzonella}, M. and {Bertin}, E. and {Le F{\`e}vre}, O. and {Mellier}, Y. and {Zamorani}, G. and {Pell{\`o}}, R. and {Iovino}, A. and {Tresse}, L. and {Le Brun}, V. and {Bottini}, D. and {Garilli}, B. and {Maccagni}, D. and {Picat}, J.~P. and {Scaramella}, R. and {Scodeggio}, M. and {Vettolani}, G. and {Zanichelli}, A. and {Adami}, C. and {Bardelli}, S. and {Cappi}, A. and {Charlot}, S. and {Ciliegi}, P. and {Contini}, T. and {Cucciati}, O. and {Foucaud}, S. and {Franzetti}, P. and {Gavignaud}, I. and {Guzzo}, L. and {Marano}, B. and {Marinoni}, C. and {Mazure}, A. and {Meneux}, B. and {Merighi}, R. and {Paltani}, S. and {Pollo}, A. and {Pozzetti}, L. and {Radovich}, M. and {Zucca}, E. and {Bondi}, M. and {Bongiorno}, A. and {Busarello}, G. and {de La Torre}, S. and {Gregorini}, L. and {Lamareille}, F. and {Mathez}, G. and {Merluzzi}, P. and {Ripepi}, V. and {Rizzo}, D. and {Vergani}, D.},
	Date-Added = {2015-11-13 12:15:07 +0000},
	Date-Modified = {2016-02-02 10:07:53 +0000},
	Eprint = {astro-ph/0603217},
	Journal = {\aap},
	Keywords = {galaxies: distances and redshifts, galaxies: photometry, methods: data analysis},
	Month = oct,
	Pages = {841-856},
	Title = {{Accurate photometric redshifts for the CFHT legacy survey calibrated using the VIMOS VLT deep survey}},
	Volume = 457,
	Year = 2006,
	Bdsk-Url-1 = {http://dx.doi.org/10.1051/0004-6361:20065138}}

@article{1982ApJ...253..785A,
	Adsnote = {Provided by the SAO/NASA Astrophysics Data System},
	Adsurl = {http://adsabs.harvard.edu/abs/1982ApJ...253..785A},
	Author = {{Arnett}, W.~D.},
	Date-Added = {2015-11-12 17:02:36 +0000},
	Date-Modified = {2016-02-02 10:07:53 +0000},
	Journal = {\apj},
	Keywords = {Light Curve, Nuclear Fusion, Stellar Evolution, Stellar Temperature, Supernovae, Black Body Radiation, Gamma Rays, Photons, Radioactive Decay, Stellar Luminosity, Stellar Models, Stellar Spectra, Thermodynamics, Transparence},
	Month = feb,
	Pages = {785-797},
	Title = {{Type I supernovae. I - Analytic solutions for the early part of the light curve}},
	Volume = 253,
	Year = 1982,
	Bdsk-Url-1 = {http://dx.doi.org/10.1086/159681}}

@article{1993ApJ...413L.105P,
	Adsnote = {Provided by the SAO/NASA Astrophysics Data System},
	Adsurl = {http://adsabs.harvard.edu/abs/1993ApJ...413L.105P},
	Author = {{Phillips}, M.~M.},
	Date-Added = {2015-11-11 14:14:45 +0000},
	Date-Modified = {2016-02-02 10:07:53 +0000},
	Journal = {\apjl},
	Keywords = {Light Curve, Stellar Magnitude, Supernovae, White Dwarf Stars, Astronomical Photometry, Brightness Distribution, Stellar Luminosity},
	Month = aug,
	Pages = {L105-L108},
	Title = {{The absolute magnitudes of Type IA supernovae}},
	Volume = 413,
	Year = 1993,
	Bdsk-Url-1 = {http://dx.doi.org/10.1086/186970}}

@ARTICLE{2016MNRAS.458.3455M,
   author = {{Mazzali}, P.~A. and {Sullivan}, M. and {Pian}, E. and {Greiner}, J. and
	{Kann}, D.~A.},
    title = "{Spectrum formation in superluminous supernovae (Type I)}",
  journal = {\mnras},
archivePrefix = "arXiv",
   eprint = {1603.00388},
 primaryClass = "astro-ph.HE",
 keywords = {radiative transfer, techniques: spectroscopic, supernovae: general, supernovae: individual: (SNLS-06D4eu, PTF09cnd, SN 2011kl, iPTF13ajg)},
     year = 2016,
    month = jun,
   volume = 458,
    pages = {3455-3465},
      doi = {10.1093/mnras/stw512},
   adsurl = {http://adsabs.harvard.edu/abs/2016MNRAS.458.3455M},
  adsnote = {Provided by the SAO/NASA Astrophysics Data System}
}

@article{2009Natur.462..624G,
	Adsnote = {Provided by the SAO/NASA Astrophysics Data System},
	Adsurl = {http://adsabs.harvard.edu/abs/2009Natur.462..624G},
	Archiveprefix = {arXiv},
	Author = {{Gal-Yam}, A. and {Mazzali}, P. and {Ofek}, E.~O. and {Nugent}, P.~E. and {Kulkarni}, S.~R. and {Kasliwal}, M.~M. and {Quimby}, R.~M. and {Filippenko}, A.~V. and {Cenko}, S.~B. and {Chornock}, R. and {Waldman}, R. and {Kasen}, D. and {Sullivan}, M. and {Beshore}, E.~C. and {Drake}, A.~J. and {Thomas}, R.~C. and {Bloom}, J.~S. and {Poznanski}, D. and {Miller}, A.~A. and {Foley}, R.~J. and {Silverman}, J.~M. and {Arcavi}, I. and {Ellis}, R.~S. and {Deng}, J.},
	Date-Added = {2015-11-11 11:47:35 +0000},
	Date-Modified = {2016-02-02 10:07:53 +0000},
	Eprint = {1001.1156},
	Journal = {\nat},
	Month = dec,
	Pages = {624-627},
	Title = {{Supernova 2007bi as a pair-instability explosion}},
	Volume = 462,
	Year = 2009,
	Bdsk-Url-1 = {http://dx.doi.org/10.1038/nature08579}}

@article{2008ApJ...674...51E,
	Adsnote = {Provided by the SAO/NASA Astrophysics Data System},
	Adsurl = {http://adsabs.harvard.edu/abs/2008ApJ...674...51E},
	Archiveprefix = {arXiv},
	Author = {{Ellis}, R.~S. and {Sullivan}, M. and {Nugent}, P.~E. and {Howell}, D.~A. and {Gal-Yam}, A. and {Astier}, P. and {Balam}, D. and {Balland}, C. and {Basa}, S. and {Carlberg}, R.~G. and {Conley}, A. and {Fouchez}, D. and {Guy}, J. and {Hardin}, D. and {Hook}, I. and {Pain}, R. and {Perrett}, K. and {Pritchet}, C.~J. and {Regnault}, N.},
	Doi = {10.1086/524981},
	Eprint = {0710.3896},
	Journal = {\apj},
	Keywords = {Cosmology: Cosmological Parameters, Stars: Supernovae: General, Surveys},
	Month = feb,
	Pages = {51-69},
	Title = {{Verifying the Cosmological Utility of Type Ia Supernovae: Implications of a Dispersion in the Ultraviolet Spectra}},
	Volume = 674,
	Year = 2008,
	Bdsk-Url-1 = {http://dx.doi.org/10.1086/524981}}

@article{1997ARA&amp;A..35..309F,
	Adsnote = {Provided by the SAO/NASA Astrophysics Data System},
	Adsurl = {http://adsabs.harvard.edu/abs/1997ARA%26A..35..309F},
	Author = {{Filippenko}, A.~V.},
	Date-Added = {2015-11-11 11:32:52 +0000},
	Date-Modified = {2016-02-02 10:07:53 +0000},
	Journal = {\araa},
	Pages = {309-355},
	Title = {{Optical Spectra of Supernovae}},
	Volume = 35,
	Year = 1997,
	Bdsk-Url-1 = {http://dx.doi.org/10.1146/annurev.astro.35.1.309}}

@article{2005IJMPA..20.3121F,
	Adsnote = {Provided by the SAO/NASA Astrophysics Data System},
	Adsurl = {http://adsabs.harvard.edu/abs/2005IJMPA..20.3121F},
	Author = {{Flaugher}, B.},
	Date-Added = {2015-11-09 14:37:24 +0000},
	Date-Modified = {2016-02-02 10:07:53 +0000},
	Journal = {International Journal of Modern Physics A},
	Keywords = {Dark energy, galaxies, supernovae},
	Pages = {3121-3123},
	Title = {{The Dark Energy Survey}},
	Volume = 20,
	Year = 2005,
	Bdsk-Url-1 = {http://dx.doi.org/10.1142/S0217751X05025917}}

@article{2013PASP..125..683B,
	Adsnote = {Provided by the SAO/NASA Astrophysics Data System},
	Adsurl = {http://adsabs.harvard.edu/abs/2013PASP..125..683B},
	Author = {{Baltay}, C. and {Rabinowitz}, D. and {Hadjiyska}, E. and {Walker}, E.~S. and {Nugent}, P. and {Coppi}, P. and {Ellman}, N. and {Feindt}, U. and {McKinnon}, R. and {Horowitz}, B. and {Effron}, A.},
	Date-Added = {2015-11-09 14:33:06 +0000},
	Date-Modified = {2016-02-02 10:07:53 +0000},
	Journal = {\pasp},
	Keywords = {Astronomical Instrumentation},
	Month = jun,
	Pages = {683-694},
	Title = {{The La Silla-QUEST Low Redshift Supernova Survey}},
	Volume = 125,
	Year = 2013,
	Bdsk-Url-1 = {http://dx.doi.org/10.1086/671198}}

@article{2009ApJ...696..870D,
	Adsnote = {Provided by the SAO/NASA Astrophysics Data System},
	Adsurl = {http://adsabs.harvard.edu/abs/2009ApJ...696..870D},
	Archiveprefix = {arXiv},
	Author = {{Drake}, A.~J. and {Djorgovski}, S.~G. and {Mahabal}, A. and {Beshore}, E. and {Larson}, S. and {Graham}, M.~J. and {Williams}, R. and {Christensen}, E. and {Catelan}, M. and {Boattini}, A. and {Gibbs}, A. and {Hill}, R. and {Kowalski}, R.},
	Date-Added = {2015-11-09 14:29:39 +0000},
	Date-Modified = {2016-02-02 10:07:53 +0000},
	Eprint = {0809.1394},
	Journal = {\apj},
	Keywords = {BL Lacertae objects: general, galaxies: general, novae, cataclysmic variables, stars: flare, supernovae: general},
	Month = may,
	Pages = {870-884},
	Title = {{First Results from the Catalina Real-Time Transient Survey}},
	Volume = 696,
	Year = 2009,
	Bdsk-Url-1 = {http://dx.doi.org/10.1088/0004-637X/696/1/870}}

@phdthesis{2006PhDT........13Q,
	Adsnote = {Provided by the SAO/NASA Astrophysics Data System},
	Adsurl = {http://adsabs.harvard.edu/abs/2006PhDT........13Q},
	Author = {{Quimby}, R.~M.},
	Date-Added = {2015-11-09 14:28:18 +0000},
	Date-Modified = {2015-11-09 14:28:18 +0000},
	School = {The University of Texas at Austin},
	Title = {{The Texas Supernova Search}},
	Year = 2006}

@article{1938PASP...50..215Z,
	Adsnote = {Provided by the SAO/NASA Astrophysics Data System},
	Adsurl = {http://adsabs.harvard.edu/abs/1938PASP...50..215Z},
	Author = {{Zwicky}, F.},
	Date-Added = {2015-11-09 11:28:58 +0000},
	Date-Modified = {2016-02-02 10:07:53 +0000},
	Journal = {\pasp},
	Month = aug,
	Pages = {215},
	Title = {{On the Search for Supernovae}},
	Volume = 50,
	Year = 1938,
	Bdsk-Url-1 = {http://dx.doi.org/10.1086/124934}}

@article{1938ApJ....88..529Z,
	Adsnote = {Provided by the SAO/NASA Astrophysics Data System},
	Adsurl = {http://adsabs.harvard.edu/abs/1938ApJ....88..529Z},
	Author = {{Zwicky}, F.},
	Date-Added = {2015-11-09 11:27:22 +0000},
	Date-Modified = {2016-02-02 10:07:53 +0000},
	Journal = {\apj},
	Month = dec,
	Pages = {529},
	Title = {{On the Frequency of Supernovae.}},
	Volume = 88,
	Year = 1938,
	Bdsk-Url-1 = {http://dx.doi.org/10.1086/144007}}

@article{1942ApJ....96...28Z,
	Adsnote = {Provided by the SAO/NASA Astrophysics Data System},
	Adsurl = {http://adsabs.harvard.edu/abs/1942ApJ....96...28Z},
	Author = {{Zwicky}, F.},
	Date-Added = {2015-11-09 11:26:49 +0000},
	Date-Modified = {2016-02-02 10:07:53 +0000},
	Journal = {\apj},
	Month = jul,
	Pages = {28},
	Title = {{On the Frequency of Supernovae. II.}},
	Volume = 96,
	Year = 1942,
	Bdsk-Url-1 = {http://dx.doi.org/10.1086/144430}}

@article{1998AJ....116.1009R,
	Adsnote = {Provided by the SAO/NASA Astrophysics Data System},
	Adsurl = {http://adsabs.harvard.edu/abs/1998AJ....116.1009R},
	Author = {{Riess}, A.~G. and {Filippenko}, A.~V. and {Challis}, P. and {Clocchiatti}, A. and {Diercks}, A. and {Garnavich}, P.~M. and {Gilliland}, R.~L. and {Hogan}, C.~J. and {Jha}, S. and {Kirshner}, R.~P. and {Leibundgut}, B. and {Phillips}, M.~M. and {Reiss}, D. and {Schmidt}, B.~P. and {Schommer}, R.~A. and {Smith}, R.~C. and {Spyromilio}, J. and {Stubbs}, C. and {Suntzeff}, N.~B. and {Tonry}, J.},
	Date-Added = {2015-11-09 11:24:14 +0000},
	Date-Modified = {2016-02-02 10:07:53 +0000},
	Eprint = {astro-ph/9805201},
	Journal = {\aj},
	Keywords = {COSMOLOGY: OBSERVATIONS, STARS: SUPERNOVAE: GENERAL},
	Month = sep,
	Pages = {1009-1038},
	Title = {{Observational Evidence from Supernovae for an Accelerating Universe and a Cosmological Constant}},
	Volume = 116,
	Year = 1998,
	Bdsk-Url-1 = {http://dx.doi.org/10.1086/300499}}

@article{1999ApJ...517..565P,
	Adsnote = {Provided by the SAO/NASA Astrophysics Data System},
	Adsurl = {http://adsabs.harvard.edu/abs/1999ApJ...517..565P},
	Author = {{Perlmutter}, S. and {Aldering}, G. and {Goldhaber}, G. and {Knop}, R.~A. and {Nugent}, P. and {Castro}, P.~G. and {Deustua}, S. and {Fabbro}, S. and {Goobar}, A. and {Groom}, D.~E. and {Hook}, I.~M. and {Kim}, A.~G. and {Kim}, M.~Y. and {Lee}, J.~C. and {Nunes}, N.~J. and {Pain}, R. and {Pennypacker}, C.~R. and {Quimby}, R. and {Lidman}, C. and {Ellis}, R.~S. and {Irwin}, M. and {McMahon}, R.~G. and {Ruiz-Lapuente}, P. and {Walton}, N. and {Schaefer}, B. and {Boyle}, B.~J. and {Filippenko}, A.~V. and {Matheson}, T. and {Fruchter}, A.~S. and {Panagia}, N. and {Newberg}, H.~J.~M. and {Couch}, W.~J. and {Project}, T.~S.~C.},
	Date-Added = {2015-11-09 11:23:19 +0000},
	Date-Modified = {2016-02-02 10:07:53 +0000},
	Eprint = {astro-ph/9812133},
	Journal = {\apj},
	Keywords = {COSMOLOGY: OBSERVATIONS, COSMOLOGY: DISTANCE SCALE, STARS: SUPERNOVAE: GENERAL, Cosmology: Observations, Cosmology: Distance Scale, Stars: Supernovae: General},
	Month = jun,
	Pages = {565-586},
	Title = {{Measurements of {$\Omega$} and {$\Lambda$} from 42 High-Redshift Supernovae}},
	Volume = 517,
	Year = 1999,
	Bdsk-Url-1 = {http://dx.doi.org/10.1086/307221}}

@article{2002A&amp;A...386..446L,
	Adsnote = {Provided by the SAO/NASA Astrophysics Data System},
	Adsurl = {http://adsabs.harvard.edu/abs/2002A%26A...386..446L},
	Author = {{Le Borgne}, D. and {Rocca-Volmerange}, B.},
	Date-Added = {2015-10-28 13:14:10 +0000},
	Date-Modified = {2016-02-02 10:07:53 +0000},
	Eprint = {astro-ph/0202359},
	Journal = {\aap},
	Keywords = {galaxies: distances and redshifts, evolution, methods: data analysis, techniques: photometric},
	Month = may,
	Pages = {446-455},
	Title = {{Photometric redshifts from evolutionary synthesis with P{\'E}GASE: The code Z-PEG and the z=0 age constraint}},
	Volume = 386,
	Year = 2002,
	Bdsk-Url-1 = {http://dx.doi.org/10.1051/0004-6361:20020259}}

@article{2010ApJ...724L..16P,
	Adsnote = {Provided by the SAO/NASA Astrophysics Data System},
	Adsurl = {http://adsabs.harvard.edu/abs/2010ApJ...724L..16P},
	Archiveprefix = {arXiv},
	Author = {{Pastorello}, A. and {Smartt}, S.~J. and {Botticella}, M.~T. and {Maguire}, K. and {Fraser}, M. and {Smith}, K. and {Kotak}, R. and {Magill}, L. and {Valenti}, S. and {Young}, D.~R. and {Gezari}, S. and {Bresolin}, F. and {Kudritzki}, R. and {Howell}, D.~A. and {Rest}, A. and {Metcalfe}, N. and {Mattila}, S. and {Kankare}, E. and {Huang}, K.~Y. and {Urata}, Y. and {Burgett}, W.~S. and {Chambers}, K.~C. and {Dombeck}, T. and {Flewelling}, H. and {Grav}, T. and {Heasley}, J.~N. and {Hodapp}, K.~W. and {Kaiser}, N. and {Luppino}, G.~A. and {Lupton}, R.~H. and {Magnier}, E.~A. and {Monet}, D.~G. and {Morgan}, J.~S. and {Onaka}, P.~M. and {Price}, P.~A. and {Rhoads}, P.~H. and {Siegmund}, W.~A. and {Stubbs}, C.~W. and {Sweeney}, W.~E. and {Tonry}, J.~L. and {Wainscoat}, R.~J. and {Waterson}, M.~F. and {Waters}, C. and {Wynn-Williams}, C.~G.},
	Date-Added = {2015-10-23 13:32:36 +0000},
	Date-Modified = {2016-02-02 10:07:53 +0000},
	Eprint = {1008.2674},
	Journal = {\apjl},
	Keywords = {supernovae: general, supernovae: individual: SN 2010gx SCP-06F6 SN 2005ap},
	Month = nov,
	Pages = {L16-L21},
	Primaryclass = {astro-ph.SR},
	Title = {{Ultra-bright Optical Transients are Linked with Type Ic Supernovae}},
	Volume = 724,
	Year = 2010,
	Bdsk-Url-1 = {http://dx.doi.org/10.1088/2041-8205/724/1/L16}}

@article{2014ApJ...787..138L,
	Adsnote = {Provided by the SAO/NASA Astrophysics Data System},
	Adsurl = {http://adsabs.harvard.edu/abs/2014ApJ...787..138L},
	Archiveprefix = {arXiv},
	Author = {{Lunnan}, R. and {Chornock}, R. and {Berger}, E. and {Laskar}, T. and {Fong}, W. and {Rest}, A. and {Sanders}, N.~E. and {Challis}, P.~M. and {Drout}, M.~R. and {Foley}, R.~J. and {Huber}, M.~E. and {Kirshner}, R.~P. and {Leibler}, C. and {Marion}, G.~H. and {McCrum}, M. and {Milisavljevic}, D. and {Narayan}, G. and {Scolnic}, D. and {Smartt}, S.~J. and {Smith}, K.~W. and {Soderberg}, A.~M. and {Tonry}, J.~L. and {Burgett}, W.~S. and {Chambers}, K.~C. and {Flewelling}, H. and {Hodapp}, K.~W. and {Kaiser}, N. and {Magnier}, E.~A. and {Price}, P.~A. and {Wainscoat}, R.~J.},
	Date-Added = {2015-10-19 21:37:14 +0000},
	Date-Modified = {2016-02-02 10:07:53 +0000},
	Eid = {138},
	Eprint = {1311.0026},
	Journal = {\apj},
	Keywords = {galaxies: abundances, galaxies: dwarf, galaxies: star formation, supernovae: general},
	Month = jun,
	Pages = {138},
	Primaryclass = {astro-ph.HE},
	Title = {{Hydrogen-poor Superluminous Supernovae and Long-duration Gamma-Ray Bursts Have Similar Host Galaxies}},
	Volume = 787,
	Year = 2014,
	Bdsk-Url-1 = {http://dx.doi.org/10.1088/0004-637X/787/2/138}}

@ARTICLE{2010MNRAS.409..421G,
   author = {{Garn}, T. and {Best}, P.~N.},
    title = "{Predicting dust extinction from the stellar mass of a galaxy}",
  journal = {\mnras},
archivePrefix = "arXiv",
   eprint = {1007.1145},
 keywords = {dust, extinction, galaxies: evolution, galaxies: high-redshift, galaxies: ISM},
     year = 2010,
    month = nov,
   volume = 409,
    pages = {421-432},
      doi = {10.1111/j.1365-2966.2010.17321.x},
   adsurl = {http://adsabs.harvard.edu/abs/2010MNRAS.409..421G},
  adsnote = {Provided by the SAO/NASA Astrophysics Data System}
}

@article{2013A&amp;A...557A..55A,
	Adsnote = {Provided by the SAO/NASA Astrophysics Data System},
	Adsurl = {http://adsabs.harvard.edu/abs/2013A%26A...557A..55A},
	Archiveprefix = {arXiv},
	Author = {{Astier}, P. and {El Hage}, P. and {Guy}, J. and {Hardin}, D. and {Betoule}, M. and {Fabbro}, S. and {Fourmanoit}, N. and {Pain}, R. and {Regnault}, N.},
	Date-Added = {2015-10-19 13:53:16 +0000},
	Date-Modified = {2016-02-02 10:07:53 +0000},
	Eid = {A55},
	Eprint = {1306.5153},
	Journal = {\aap},
	Keywords = {techniques: image processing, supernovae: general, astrometry, techniques: photometric},
	Month = sep,
	Pages = {A55},
	Primaryclass = {astro-ph.IM},
	Title = {{Photometry of supernovae in an image series: methods and application to the SuperNova Legacy Survey (SNLS)}},
	Volume = 557,
	Year = 2013,
	Bdsk-Url-1 = {http://dx.doi.org/10.1051/0004-6361/201321668}}

@article{2009A&amp;A...507...85B,
	Adsnote = {Provided by the SAO/NASA Astrophysics Data System},
	Adsurl = {http://adsabs.harvard.edu/abs/2009A%26A...507...85B},
	Archiveprefix = {arXiv},
	Author = {{Balland}, C. and {Baumont}, S. and {Basa}, S. and {Mouchet}, M. and {Howell}, D.~A. and {Astier}, P. and {Carlberg}, R.~G. and {Conley}, A. and {Fouchez}, D. and {Guy}, J. and {Hardin}, D. and {Hook}, I.~M. and {Pain}, R. and {Perrett}, K. and {Pritchet}, C.~J. and {Regnault}, N. and {Rich}, J. and {Sullivan}, M. and {Antilogus}, P. and {Arsenijevic}, V. and {Le Du}, J. and {Fabbro}, S. and {Lidman}, C. and {Mour{\~a}o}, A. and {Palanque-Delabrouille}, N. and {P{\'e}contal}, E. and {Ruhlmann-Kleider}, V.},
	Date-Added = {2015-10-16 14:26:39 +0000},
	Date-Modified = {2016-02-02 10:07:53 +0000},
	Eprint = {0909.3316},
	Journal = {\aap},
	Keywords = {cosmology: observations, supernovae: general, methods: data analysis, techniques: spectroscopic},
	Month = nov,
	Pages = {85-103},
	Title = {{The ESO/VLT 3rd year Type Ia supernova data set from the supernova legacy survey}},
	Volume = 507,
	Year = 2009,
	Bdsk-Url-1 = {http://dx.doi.org/10.1051/0004-6361/200912246}}

@article{2008A&amp;A...477..717B,
	Adsnote = {Provided by the SAO/NASA Astrophysics Data System},
	Adsurl = {http://adsabs.harvard.edu/abs/2008A%26A...477..717B},
	Archiveprefix = {arXiv},
	Author = {{Bronder}, T.~J. and {Hook}, I.~M. and {Astier}, P. and {Balam}, D. and {Balland}, C. and {Basa}, S. and {Carlberg}, R.~G. and {Conley}, A. and {Fouchez}, D. and {Guy}, J. and {Howell}, D.~A. and {Neill}, J.~D. and {Pain}, R. and {Perrett}, K. and {Pritchet}, C.~J. and {Regnault}, N. and {Sullivan}, M. and {Baumont}, S. and {Fabbro}, S. and {Filliol}, M. and {Perlmutter}, S. and {Ripoche}, P.},
	Date-Added = {2015-10-16 14:26:16 +0000},
	Date-Modified = {2016-02-02 10:07:53 +0000},
	Eprint = {0709.0859},
	Journal = {\aap},
	Keywords = {supernovae: general, cosmology: observations, surveys},
	Month = jan,
	Pages = {717-734},
	Title = {{SNLS spectroscopy: testing for evolution in type Ia supernovae}},
	Volume = 477,
	Year = 2008,
	Bdsk-Url-1 = {http://dx.doi.org/10.1051/0004-6361:20077655}}

@article{2005ApJ...634.1190H,
	Adsnote = {Provided by the SAO/NASA Astrophysics Data System},
	Adsurl = {http://adsabs.harvard.edu/abs/2005ApJ...634.1190H},
	Author = {{Howell}, D.~A. and {Sullivan}, M. and {Perrett}, K. and {Bronder}, T.~J. and {Hook}, I.~M. and {Astier}, P. and {Aubourg}, E. and {Balam}, D. and {Basa}, S. and {Carlberg}, R.~G. and {Fabbro}, S. and {Fouchez}, D. and {Guy}, J. and {Lafoux}, H. and {Neill}, J.~D. and {Pain}, R. and {Palanque-Delabrouille}, N. and {Pritchet}, C.~J. and {Regnault}, N. and {Rich}, J. and {Taillet}, R. and {Knop}, R. and {McMahon}, R.~G. and {Perlmutter}, S. and {Walton}, N.~A.},
	Date-Added = {2015-10-16 14:19:43 +0000},
	Date-Modified = {2016-02-02 10:07:53 +0000},
	Eprint = {astro-ph/0509195},
	Journal = {\apj},
	Keywords = {Cosmology: Observations, Methods: Data Analysis, Stars: Supernovae: General, Techniques: Spectroscopic, Surveys},
	Month = dec,
	Pages = {1190-1201},
	Title = {{Gemini Spectroscopy of Supernovae from the Supernova Legacy Survey: Improving High-Redshift Supernova Selection and Classification}},
	Volume = 634,
	Year = 2005,
	Bdsk-Url-1 = {http://dx.doi.org/10.1086/497119}}

@article{2009A&amp;A...506..999R,
	Adsnote = {Provided by the SAO/NASA Astrophysics Data System},
	Adsurl = {http://adsabs.harvard.edu/abs/2009A%26A...506..999R},
	Archiveprefix = {arXiv},
	Author = {{Regnault}, N. and {Conley}, A. and {Guy}, J. and {Sullivan}, M. and {Cuillandre}, J.-C. and {Astier}, P. and {Balland}, C. and {Basa}, S. and {Carlberg}, R.~G. and {Fouchez}, D. and {Hardin}, D. and {Hook}, I.~M. and {Howell}, D.~A. and {Pain}, R. and {Perrett}, K. and {Pritchet}, C.~J.},
	Date-Added = {2015-10-16 14:09:29 +0000},
	Date-Modified = {2016-02-02 10:07:53 +0000},
	Eprint = {0908.3808},
	Journal = {\aap},
	Keywords = {cosmology: observations, techniques: photometric, methods: observational},
	Month = nov,
	Pages = {999-1042},
	Primaryclass = {astro-ph.IM},
	Title = {{Photometric calibration of the Supernova Legacy Survey fields}},
	Volume = 506,
	Year = 2009,
	Bdsk-Url-1 = {http://dx.doi.org/10.1051/0004-6361/200912446}}

@inproceedings{2003SPIE.4841...72B,
	Adsnote = {Provided by the SAO/NASA Astrophysics Data System},
	Adsurl = {http://adsabs.harvard.edu/abs/2003SPIE.4841...72B},
	Author = {{Boulade}, O. and {Charlot}, X. and {Abbon}, P. and {Aune}, S. and {Borgeaud}, P. and {Carton}, P.-H. and {Carty}, M. and {Da Costa}, J. and {Deschamps}, H. and {Desforge}, D. and {Eppell{\'e}}, D. and {Gallais}, P. and {Gosset}, L. and {Granelli}, R. and {Gros}, M. and {de Kat}, J. and {Loiseau}, D. and {Ritou}, J.-. and {Rouss{\'e}}, J.~Y. and {Starzynski}, P. and {Vignal}, N. and {Vigroux}, L.~G.},
	Booktitle = {Instrument Design and Performance for Optical/Infrared Ground-based Telescopes},
	Date-Added = {2015-10-16 14:06:46 +0000},
	Date-Modified = {2016-02-02 10:07:53 +0000},
	Editor = {{Iye}, M. and {Moorwood}, A.~F.~M.},
	Month = mar,
	Pages = {72-81},
	Series = {Society of Photo-Optical Instrumentation Engineers (SPIE) Conference Series},
	Title = {{MegaCam: the new Canada-France-Hawaii Telescope wide-field imaging camera}},
	Volume = 4841,
	Year = 2003,
	Bdsk-Url-1 = {http://dx.doi.org/10.1117/12.459890}}

@PHDTHESIS{2013PhDT.......150F,
   author = {{Fakhouri}, H.~K.},
    title = "{Supernova Ia Spectra and Spectrophotometric Time Series: Recognizing Twins and the Consequences for Cosmological Distance Measurements}",
   school = {University of California, Berkeley},
     year = 2013,
   adsurl = {http://adsabs.harvard.edu/abs/2013PhDT.......150F},
  adsnote = {Provided by the SAO/NASA Astrophysics Data System}
}

@article{2010A&amp;A...523A...7G,
	Adsnote = {Provided by the SAO/NASA Astrophysics Data System},
	Adsurl = {http://adsabs.harvard.edu/abs/2010A%26A...523A...7G},
	Archiveprefix = {arXiv},
	Author = {{Guy}, J. and {Sullivan}, M. and {Conley}, A. and {Regnault}, N. and {Astier}, P. and {Balland}, C. and {Basa}, S. and {Carlberg}, R.~G. and {Fouchez}, D. and {Hardin}, D. and {Hook}, I.~M. and {Howell}, D.~A. and {Pain}, R. and {Palanque-Delabrouille}, N. and {Perrett}, K.~M. and {Pritchet}, C.~J. and {Rich}, J. and {Ruhlmann-Kleider}, V. and {Balam}, D. and {Baumont}, S. and {Ellis}, R.~S. and {Fabbro}, S. and {Fakhouri}, H.~K. and {Fourmanoit}, N. and {Gonz{\'a}lez-Gait{\'a}n}, S. and {Graham}, M.~L. and {Hsiao}, E. and {Kronborg}, T. and {Lidman}, C. and {Mourao}, A.~M. and {Perlmutter}, S. and {Ripoche}, P. and {Suzuki}, N. and {Walker}, E.~S.},
	Date-Added = {2015-10-16 14:03:35 +0000},
	Date-Modified = {2016-02-02 10:07:53 +0000},
	Eid = {A7},
	Eprint = {1010.4743},
	Journal = {\aap},
	Keywords = {supernovae: general, cosmology: observations},
	Month = nov,
	Pages = {A7},
	Title = {{The Supernova Legacy Survey 3-year sample: Type Ia supernovae photometric distances and cosmological constraints}},
	Volume = 523,
	Year = 2010,
	Bdsk-Url-1 = {http://dx.doi.org/10.1051/0004-6361/201014468}}

@article{2006A&amp;A...447...31A,
	Adsnote = {Provided by the SAO/NASA Astrophysics Data System},
	Adsurl = {http://adsabs.harvard.edu/abs/2006A%26A...447...31A},
	Author = {{Astier}, P. and {Guy}, J. and {Regnault}, N. and {Pain}, R. and {Aubourg}, E. and {Balam}, D. and {Basa}, S. and {Carlberg}, R.~G. and {Fabbro}, S. and {Fouchez}, D. and {Hook}, I.~M. and {Howell}, D.~A. and {Lafoux}, H. and {Neill}, J.~D. and {Palanque-Delabrouille}, N. and {Perrett}, K. and {Pritchet}, C.~J. and {Rich}, J. and {Sullivan}, M. and {Taillet}, R. and {Aldering}, G. and {Antilogus}, P. and {Arsenijevic}, V. and {Balland}, C. and {Baumont}, S. and {Bronder}, J. and {Courtois}, H. and {Ellis}, R.~S. and {Filiol}, M. and {Gon{\c c}alves}, A.~C. and {Goobar}, A. and {Guide}, D. and {Hardin}, D. and {Lusset}, V. and {Lidman}, C. and {McMahon}, R. and {Mouchet}, M. and {Mourao}, A. and {Perlmutter}, S. and {Ripoche}, P. and {Tao}, C. and {Walton}, N.},
	Date-Added = {2015-10-16 14:03:10 +0000},
	Date-Modified = {2016-02-02 10:07:53 +0000},
	Eprint = {astro-ph/0510447},
	Journal = {\aap},
	Keywords = {supernovae: general, cosmology: observations, cosmological parameters},
	Month = feb,
	Pages = {31-48},
	Title = {{The Supernova Legacy Survey: measurement of {$\Omega$}$_{M}$, {$\Omega$}$_{Lambda}$ and w from the first year data set}},
	Volume = 447,
	Year = 2006,
	Bdsk-Url-1 = {http://dx.doi.org/10.1051/0004-6361:20054185}}

@article{Aspvall19801,
	Abstract = {L. G. Khachiyan's polynomial time algorithm for determining whether a system of linear inequalities is satisfiable is presented together with a proof of its validity. The algorithm can be used to solve linear programs in polynomial time. },
	Author = {Bengt Aspvall and Richard E Stone},
	Date-Added = {2015-10-16 13:29:58 +0000},
	Date-Modified = {2016-02-02 10:07:53 +0000},
	Issn = {0196-6774},
	Journal = {Journal of Algorithms},
	Number = {1},
	Pages = {1 - 13},
	Title = {Khachiyan's linear programming algorithm},
	Volume = {1},
	Year = {1980},
	Bdsk-Url-1 = {http://www.sciencedirect.com/science/article/pii/0196677480900024},
	Bdsk-Url-2 = {http://dx.doi.org/10.1016/0196-6774(80)90002-4}}

@article{2015ApJ...799..107W,
	Adsnote = {Provided by the SAO/NASA Astrophysics Data System},
	Adsurl = {http://adsabs.harvard.edu/abs/2015ApJ...799..107W},
	Archiveprefix = {arXiv},
	Author = {{Wang}, S.~Q. and {Wang}, L.~J. and {Dai}, Z.~G. and {Wu}, X.~F.},
	Date-Added = {2015-10-13 10:58:02 +0000},
	Date-Modified = {2016-02-02 10:07:53 +0000},
	Eid = {107},
	Eprint = {1411.5126},
	Journal = {\apj},
	Keywords = {gamma rays: general, stars: magnetars, supernovae: general, supernovae: individual: SN 2010gx SN 2013dg LSQ12dlf SSS120810 CSS121015, X-rays: general},
	Month = jan,
	Pages = {107},
	Primaryclass = {astro-ph.HE},
	Title = {{Superluminous Supernovae Powered by Magnetars: Late-time Light Curves and Hard Emission Leakage}},
	Volume = 799,
	Year = 2015,
	Bdsk-Url-1 = {http://dx.doi.org/10.1088/0004-637X/799/1/107}}

@article{2015MNRAS.448.1206M,
	Adsnote = {Provided by the SAO/NASA Astrophysics Data System},
	Adsurl = {http://adsabs.harvard.edu/abs/2015MNRAS.448.1206M},
	Archiveprefix = {arXiv},
	Author = {{McCrum}, M. and {Smartt}, S.~J. and {Rest}, A. and {Smith}, K. and {Kotak}, R. and {Rodney}, S.~A. and {Young}, D.~R. and {Chornock}, R. and {Berger}, E. and {Foley}, R.~J. and {Fraser}, M. and {Wright}, D. and {Scolnic}, D. and {Tonry}, J.~L. and {Urata}, Y. and {Huang}, K. and {Pastorello}, A. and {Botticella}, M.~T. and {Valenti}, S. and {Mattila}, S. and {Kankare}, E. and {Farrow}, D.~J. and {Huber}, M.~E. and {Stubbs}, C.~W. and {Kirshner}, R.~P. and {Bresolin}, F. and {Burgett}, W.~S. and {Chambers}, K.~C. and {Draper}, P.~W. and {Flewelling}, H. and {Jedicke}, R. and {Kaiser}, N. and {Magnier}, E.~A. and {Metcalfe}, N. and {Morgan}, J.~S. and {Price}, P.~A. and {Sweeney}, W. and {Wainscoat}, R.~J. and {Waters}, C.},
	Date-Added = {2015-10-09 12:07:54 +0000},
	Date-Modified = {2016-02-02 10:07:53 +0000},
	Eprint = {1402.1631},
	Journal = {\mnras},
	Keywords = {supernovae: general, supernovae: individual: PS1-10pm, supernovae: individual: PS1-10ahf},
	Month = apr,
	Pages = {1206-1231},
	Primaryclass = {astro-ph.HE},
	Title = {{Selecting superluminous supernovae in faint galaxies from the first year of the Pan-STARRS1 Medium Deep Survey}},
	Volume = 448,
	Year = 2015,
	Bdsk-Url-1 = {http://dx.doi.org/10.1093/mnras/stv034}}

@article{2015MNRAS.452.1567C,
	Adsnote = {Provided by the SAO/NASA Astrophysics Data System},
	Adsurl = {http://adsabs.harvard.edu/abs/2015MNRAS.452.1567C},
	Archiveprefix = {arXiv},
	Author = {{Chen}, T.-W. and {Smartt}, S.~J. and {Jerkstrand}, A. and {Nicholl}, M. and {Bresolin}, F. and {Kotak}, R. and {Polshaw}, J. and {Rest}, A. and {Kudritzki}, R. and {Zheng}, Z. and {Elias-Rosa}, N. and {Smith}, K. and {Inserra}, C. and {Wright}, D. and {Kankare}, E. and {Kangas}, T. and {Fraser}, M.},
	Date-Added = {2015-10-09 12:06:38 +0000},
	Date-Modified = {2016-02-02 10:07:53 +0000},
	Eprint = {1409.7728},
	Journal = {\mnras},
	Keywords = {supernovae: general, supernovae: individual: PTF12dam, galaxies: abundances, galaxies: dwarf},
	Month = sep,
	Pages = {1567-1586},
	Title = {{The host galaxy and late-time evolution of the superluminous supernova PTF12dam}},
	Volume = 452,
	Year = 2015,
	Bdsk-Url-1 = {http://dx.doi.org/10.1093/mnras/stv1360}}

@article{2014MNRAS.443...67M,
	Adsnote = {Provided by the SAO/NASA Astrophysics Data System},
	Adsurl = {http://adsabs.harvard.edu/abs/2014MNRAS.443...67M},
	Archiveprefix = {arXiv},
	Author = {{Mazzali}, P.~A. and {McFadyen}, A.~I. and {Woosley}, S.~E. and {Pian}, E. and {Tanaka}, M.},
	Date-Added = {2015-10-09 12:05:24 +0000},
	Date-Modified = {2016-02-02 10:07:53 +0000},
	Eprint = {1406.1209},
	Journal = {\mnras},
	Keywords = {gamma-ray burst: general, stars: magnetars, supernovae: general},
	Month = sep,
	Pages = {67-71},
	Primaryclass = {astro-ph.HE},
	Title = {{An upper limit to the energy of gamma-ray bursts indicates that GRBs/SNe are powered by magnetars}},
	Volume = 443,
	Year = 2014,
	Bdsk-Url-1 = {http://dx.doi.org/10.1093/mnras/stu1124}}

@article{2013ApJ...778...67N,
	Adsnote = {Provided by the SAO/NASA Astrophysics Data System},
	Adsurl = {http://adsabs.harvard.edu/abs/2013ApJ...778...67N},
	Archiveprefix = {arXiv},
	Author = {{Nakauchi}, D. and {Kashiyama}, K. and {Suwa}, Y. and {Nakamura}, T.},
	Date-Added = {2015-10-09 12:04:58 +0000},
	Date-Modified = {2016-02-02 10:07:53 +0000},
	Eid = {67},
	Eprint = {1307.5061},
	Journal = {\apj},
	Keywords = {gamma-ray burst: general, gamma-ray burst: individual: GRB 111209A GRB 101225A GRB121027A},
	Month = nov,
	Pages = {67},
	Primaryclass = {astro-ph.HE},
	Title = {{Blue Supergiant Model for Ultra-long Gamma-Ray Burst with Superluminous-supernova-like Bump}},
	Volume = 778,
	Year = 2013,
	Bdsk-Url-1 = {http://dx.doi.org/10.1088/0004-637X/778/1/67}}

@article{2012ApJ...757..178G,
	Adsnote = {Provided by the SAO/NASA Astrophysics Data System},
	Adsurl = {http://adsabs.harvard.edu/abs/2012ApJ...757..178G},
	Archiveprefix = {arXiv},
	Author = {{Ginzburg}, S. and {Balberg}, S.},
	Date-Added = {2015-10-09 12:03:31 +0000},
	Date-Modified = {2016-02-02 10:07:53 +0000},
	Eid = {178},
	Eprint = {1205.3455},
	Journal = {\apj},
	Keywords = {circumstellar matter, shock waves, supernovae: general, supernovae: individual: SN 2005ap SN 2006gy SN 2010gx},
	Month = oct,
	Pages = {178},
	Primaryclass = {astro-ph.SR},
	Title = {{Superluminous Light Curves from Supernovae Exploding in a Dense Wind}},
	Volume = 757,
	Year = 2012,
	Bdsk-Url-1 = {http://dx.doi.org/10.1088/0004-637X/757/2/178}}

@article{2015arXiv150703010D,
	Adsnote = {Provided by the SAO/NASA Astrophysics Data System},
	Adsurl = {http://adsabs.harvard.edu/abs/2015arXiv150703010D},
	Archiveprefix = {arXiv},
	Author = {{Dong}, S. and {Shappee}, B.~J. and {Prieto}, J.~L. and {Jha}, S.~W. and {Stanek}, K.~Z. and {Holoien}, T.~W.-S. and {Kochanek}, C.~S. and {Thompson}, T.~A. and {Morrell}, N. and {Thompson}, I.~B. and {Basu}, U. and {Beacom}, J.~F. and {Bersier}, D. and {Brimacombe}, J. and {Brown}, J.~S. and {Chen}, P. and {Conseil}, E. and {Danilet}, A.~B. and {Falco}, E. and {Grupe}, D. and {Kiyota}, S. and {Masi}, G. and {Nicholls}, B. and {Olivares}, F. and {Pignata}, G. and {Pojmanski}, G. and {Simonian}, G.~V. and {Szczygiel}, D.~M. and {Wozniak}, P.~R.},
	Date-Added = {2015-10-09 12:02:42 +0000},
	Date-Modified = {2015-10-09 12:02:42 +0000},
	Eprint = {1507.03010},
	Journal = {ArXiv e-prints},
	Keywords = {Astrophysics - High Energy Astrophysical Phenomena, Astrophysics - Solar and Stellar Astrophysics},
	Month = jul,
	Primaryclass = {astro-ph.HE},
	Title = {{ASASSN-15lh: A Highly Super-Luminous Supernova}},
	Year = 2015}

@article{2012A&amp;A...541A.129L,
	Adsnote = {Provided by the SAO/NASA Astrophysics Data System},
	Adsurl = {http://adsabs.harvard.edu/abs/2012A%26A...541A.129L},
	Archiveprefix = {arXiv},
	Author = {{Leloudas}, G. and {Chatzopoulos}, E. and {Dilday}, B. and {Gorosabel}, J. and {Vinko}, J. and {Gallazzi}, A. and {Wheeler}, J.~C. and {Bassett}, B. and {Fischer}, J.~A. and {Frieman}, J.~A. and {Fynbo}, J.~P.~U. and {Goobar}, A. and {Jel{\'{\i}}nek}, M. and {Malesani}, D. and {Nichol}, R.~C. and {Nordin}, J. and {{\"O}stman}, L. and {Sako}, M. and {Schneider}, D.~P. and {Smith}, M. and {Sollerman}, J. and {Stritzinger}, M.~D. and {Th{\"o}ne}, C.~C. and {de Ugarte Postigo}, A.},
	Date-Added = {2015-10-09 12:02:17 +0000},
	Date-Modified = {2016-02-02 10:07:53 +0000},
	Eid = {A129},
	Eprint = {1201.5393},
	Journal = {\aap},
	Keywords = {supernovae: general, supernovae: individual: SN 2006oz, stars: massive},
	Month = may,
	Pages = {A129},
	Primaryclass = {astro-ph.SR},
	Title = {{SN 2006oz: rise of a super-luminous supernova observed by the SDSS-II SN Survey}},
	Volume = 541,
	Year = 2012,
	Bdsk-Url-1 = {http://dx.doi.org/10.1051/0004-6361/201118498}}

@article{2007ApJ...668L..99Q,
	Adsnote = {Provided by the SAO/NASA Astrophysics Data System},
	Adsurl = {http://adsabs.harvard.edu/abs/2007ApJ...668L..99Q},
	Archiveprefix = {arXiv},
	Author = {{Quimby}, R.~M. and {Aldering}, G. and {Wheeler}, J.~C. and {H{\"o}flich}, P. and {Akerlof}, C.~W. and {Rykoff}, E.~S.},
	Date-Added = {2015-10-09 12:01:01 +0000},
	Date-Modified = {2016-02-02 10:07:53 +0000},
	Eprint = {0709.0302},
	Journal = {\apjl},
	Keywords = {supernovae: individual (SN 2005ap)},
	Month = oct,
	Pages = {L99-L102},
	Title = {{SN 2005ap: A Most Brilliant Explosion}},
	Volume = 668,
	Year = 2007,
	Bdsk-Url-1 = {http://dx.doi.org/10.1086/522862}}

@article{2007ApJ...659L..13O,
	Adsnote = {Provided by the SAO/NASA Astrophysics Data System},
	Adsurl = {http://adsabs.harvard.edu/abs/2007ApJ...659L..13O},
	Author = {{Ofek}, E.~O. and {Cameron}, P.~B. and {Kasliwal}, M.~M. and {Gal-Yam}, A. and {Rau}, A. and {Kulkarni}, S.~R. and {Frail}, D.~A. and {Chandra}, P. and {Cenko}, S.~B. and {Soderberg}, A.~M. and {Immler}, S.},
	Date-Added = {2015-10-09 12:00:07 +0000},
	Date-Modified = {2016-02-02 10:07:53 +0000},
	Eprint = {astro-ph/0612408},
	Journal = {\apjl},
	Keywords = {galaxies: individual (NGC 1260), Stars: Supernovae: General, supernovae: individual (SN 2006gy)},
	Month = apr,
	Pages = {L13-L16},
	Title = {{SN 2006gy: An Extremely Luminous Supernova in the Galaxy NGC 1260}},
	Volume = 659,
	Year = 2007,
	Bdsk-Url-1 = {http://dx.doi.org/10.1086/516749}}

@article{2013MNRAS.428.1020M,
	Adsnote = {Provided by the SAO/NASA Astrophysics Data System},
	Adsurl = {http://adsabs.harvard.edu/abs/2013MNRAS.428.1020M},
	Archiveprefix = {arXiv},
	Author = {{Moriya}, T.~J. and {Blinnikov}, S.~I. and {Tominaga}, N. and {Yoshida}, N. and {Tanaka}, M. and {Maeda}, K. and {Nomoto}, K.},
	Date-Added = {2015-10-09 11:56:44 +0000},
	Date-Modified = {2016-02-02 10:07:53 +0000},
	Eprint = {1204.6109},
	Journal = {\mnras},
	Keywords = {circumstellar matter, stars: mass-loss, supernovae: individual: SN 2006gy, early Universe},
	Month = jan,
	Pages = {1020-1035},
	Primaryclass = {astro-ph.HE},
	Title = {{Light-curve modelling of superluminous supernova 2006gy: collision between supernova ejecta and a dense circumstellar medium}},
	Volume = 428,
	Year = 2013,
	Bdsk-Url-1 = {http://dx.doi.org/10.1093/mnras/sts075}}

@article{2011ApJ...729L...6C,
	Adsnote = {Provided by the SAO/NASA Astrophysics Data System},
	Adsurl = {http://adsabs.harvard.edu/abs/2011ApJ...729L...6C},
	Archiveprefix = {arXiv},
	Author = {{Chevalier}, R.~A. and {Irwin}, C.~M.},
	Date-Added = {2015-10-09 11:56:19 +0000},
	Date-Modified = {2016-02-02 10:07:53 +0000},
	Eid = {L6},
	Eprint = {1101.1111},
	Journal = {\apjl},
	Keywords = {circumstellar matter, shock waves, supernovae: general, supernovae: individual: SN 2006gy},
	Month = mar,
	Pages = {L6},
	Primaryclass = {astro-ph.HE},
	Title = {{Shock Breakout in Dense Mass Loss: Luminous Supernovae}},
	Volume = 729,
	Year = 2011,
	Bdsk-Url-1 = {http://dx.doi.org/10.1088/2041-8205/729/1/L6}}

@article{2007Natur.450..390W,
	Adsnote = {Provided by the SAO/NASA Astrophysics Data System},
	Adsurl = {http://adsabs.harvard.edu/abs/2007Natur.450..390W},
	Archiveprefix = {arXiv},
	Author = {{Woosley}, S.~E. and {Blinnikov}, S. and {Heger}, A.},
	Date-Added = {2015-10-09 11:55:48 +0000},
	Date-Modified = {2016-02-02 10:07:53 +0000},
	Eprint = {0710.3314},
	Journal = {\nat},
	Month = nov,
	Pages = {390-392},
	Title = {{Pulsational pair instability as an explanation for the most luminous supernovae}},
	Volume = 450,
	Year = 2007,
	Bdsk-Url-1 = {http://dx.doi.org/10.1038/nature06333}}

@article{2015Natur.523..189G,
	Adsnote = {Provided by the SAO/NASA Astrophysics Data System},
	Adsurl = {http://adsabs.harvard.edu/abs/2015Natur.523..189G},
	Archiveprefix = {arXiv},
	Author = {{Greiner}, J. and {Mazzali}, P.~A. and {Kann}, D.~A. and {Kr{\"u}hler}, T. and {Pian}, E. and {Prentice}, S. and {Olivares E.}, F. and {Rossi}, A. and {Klose}, S. and {Taubenberger}, S. and {Knust}, F. and {Afonso}, P.~M.~J. and {Ashall}, C. and {Bolmer}, J. and {Delvaux}, C. and {Diehl}, R. and {Elliott}, J. and {Filgas}, R. and {Fynbo}, J.~P.~U. and {Graham}, J.~F. and {Guelbenzu}, A.~N. and {Kobayashi}, S. and {Leloudas}, G. and {Savaglio}, S. and {Schady}, P. and {Schmidl}, S. and {Schweyer}, T. and {Sudilovsky}, V. and {Tanga}, M. and {Updike}, A.~C. and {van Eerten}, H. and {Varela}, K.},
	Date-Added = {2015-10-09 11:54:42 +0000},
	Date-Modified = {2016-02-02 10:07:53 +0000},
	Eprint = {1509.03279},
	Journal = {\nat},
	Month = jul,
	Pages = {189-192},
	Primaryclass = {astro-ph.HE},
	Title = {{A very luminous magnetar-powered supernova associated with an ultra-long {$\gamma$}-ray burst}},
	Volume = 523,
	Year = 2015,
	Bdsk-Url-1 = {http://dx.doi.org/10.1038/nature14579}}

@article{2011Natur.474..487Q,
	Adsnote = {Provided by the SAO/NASA Astrophysics Data System},
	Adsurl = {http://adsabs.harvard.edu/abs/2011Natur.474..487Q},
	Archiveprefix = {arXiv},
	Author = {{Quimby}, R.~M. and {Kulkarni}, S.~R. and {Kasliwal}, M.~M. and {Gal-Yam}, A. and {Arcavi}, I. and {Sullivan}, M. and {Nugent}, P. and {Thomas}, R. and {Howell}, D.~A. and {Nakar}, E. and {Bildsten}, L. and {Theissen}, C. and {Law}, N.~M. and {Dekany}, R. and {Rahmer}, G. and {Hale}, D. and {Smith}, R. and {Ofek}, E.~O. and {Zolkower}, J. and {Velur}, V. and {Walters}, R. and {Henning}, J. and {Bui}, K. and {McKenna}, D. and {Poznanski}, D. and {Cenko}, S.~B. and {Levitan}, D.},
	Date-Added = {2015-10-09 11:54:14 +0000},
	Date-Modified = {2016-02-02 10:07:53 +0000},
	Eprint = {0910.0059},
	Journal = {\nat},
	Month = jun,
	Pages = {487-489},
	Primaryclass = {astro-ph.CO},
	Title = {{Hydrogen-poor superluminous stellar explosions}},
	Volume = 474,
	Year = 2011,
	Bdsk-Url-1 = {http://dx.doi.org/10.1038/nature10095}}

@article{2012MNRAS.426L..76D,
	Adsnote = {Provided by the SAO/NASA Astrophysics Data System},
	Adsurl = {http://adsabs.harvard.edu/abs/2012MNRAS.426L..76D},
	Archiveprefix = {arXiv},
	Author = {{Dessart}, L. and {Hillier}, D.~J. and {Waldman}, R. and {Livne}, E. and {Blondin}, S.},
	Date-Added = {2015-10-09 11:50:44 +0000},
	Date-Modified = {2016-02-02 10:07:53 +0000},
	Eprint = {1208.1214},
	Journal = {\mnras},
	Keywords = {radiative transfer, stars: evolution, stars: magnetars, supernovae: general, supernovae: individual: SN2007bi, PTF 09atu},
	Month = oct,
	Pages = {L76-L80},
	Primaryclass = {astro-ph.SR},
	Title = {{Superluminous supernovae: $^{56}$Ni power versus magnetar radiation}},
	Volume = 426,
	Year = 2012,
	Bdsk-Url-1 = {http://dx.doi.org/10.1111/j.1745-3933.2012.01329.x}}

@article{2010ApJ...719L.204W,
	Adsnote = {Provided by the SAO/NASA Astrophysics Data System},
	Adsurl = {http://adsabs.harvard.edu/abs/2010ApJ...719L.204W},
	Archiveprefix = {arXiv},
	Author = {{Woosley}, S.~E.},
	Date-Added = {2015-10-09 11:50:02 +0000},
	Date-Modified = {2016-02-02 10:07:53 +0000},
	Eprint = {0911.0698},
	Journal = {\apjl},
	Keywords = {hydrodynamics, shock waves, supernovae: general, turbulence},
	Month = aug,
	Pages = {L204-L207},
	Primaryclass = {astro-ph.HE},
	Title = {{Bright Supernovae from Magnetar Birth}},
	Volume = 719,
	Year = 2010,
	Bdsk-Url-1 = {http://dx.doi.org/10.1088/2041-8205/719/2/L204}}

@article{2010ApJ...717..245K,
	Adsnote = {Provided by the SAO/NASA Astrophysics Data System},
	Adsurl = {http://adsabs.harvard.edu/abs/2010ApJ...717..245K},
	Archiveprefix = {arXiv},
	Author = {{Kasen}, D. and {Bildsten}, L.},
	Date-Added = {2015-10-09 11:49:39 +0000},
	Date-Modified = {2016-02-02 10:07:53 +0000},
	Eprint = {0911.0680},
	Journal = {\apj},
	Keywords = {radiative transfer, stars: neutron, supernovae: general, supernovae: individual: SN 2005ap SN 2008es SN 2007bi},
	Month = jul,
	Pages = {245-249},
	Primaryclass = {astro-ph.HE},
	Title = {{Supernova Light Curves Powered by Young Magnetars}},
	Volume = 717,
	Year = 2010,
	Bdsk-Url-1 = {http://dx.doi.org/10.1088/0004-637X/717/1/245}}

@article{2008MNRAS.384..449F,
	Adsnote = {Provided by the SAO/NASA Astrophysics Data System},
	Adsurl = {http://adsabs.harvard.edu/abs/2008MNRAS.384..449F},
	Archiveprefix = {arXiv},
	Author = {{Feroz}, F. and {Hobson}, M.~P.},
	Date-Added = {2015-10-07 13:49:21 +0000},
	Date-Modified = {2016-02-02 10:07:53 +0000},
	Eprint = {0704.3704},
	Journal = {\mnras},
	Keywords = {methods: data analysis, methods: statistical},
	Month = feb,
	Pages = {449-463},
	Title = {{Multimodal nested sampling: an efficient and robust alternative to Markov Chain Monte Carlo methods for astronomical data analyses}},
	Volume = 384,
	Year = 2008,
	Bdsk-Url-1 = {http://dx.doi.org/10.1111/j.1365-2966.2007.12353.x}}

@article{2013arXiv1306.2144F,
	Adsnote = {Provided by the SAO/NASA Astrophysics Data System},
	Adsurl = {http://adsabs.harvard.edu/abs/2013arXiv1306.2144F},
	Archiveprefix = {arXiv},
	Author = {{Feroz}, F. and {Hobson}, M.~P. and {Cameron}, E. and {Pettitt}, A.~N.},
	Date-Added = {2015-10-07 13:49:03 +0000},
	Date-Modified = {2015-10-07 13:49:03 +0000},
	Eprint = {1306.2144},
	Journal = {ArXiv e-prints},
	Keywords = {Astrophysics - Instrumentation and Methods for Astrophysics, Physics - Data Analysis, Statistics and Probability, Statistics - Computation},
	Month = jun,
	Primaryclass = {astro-ph.IM},
	Title = {{Importance Nested Sampling and the MultiNest Algorithm}},
	Year = 2013}

@article{2009MNRAS.398.1601F,
	Adsnote = {Provided by the SAO/NASA Astrophysics Data System},
	Adsurl = {http://adsabs.harvard.edu/abs/2009MNRAS.398.1601F},
	Archiveprefix = {arXiv},
	Author = {{Feroz}, F. and {Hobson}, M.~P. and {Bridges}, M.},
	Date-Added = {2015-10-07 13:48:49 +0000},
	Date-Modified = {2016-02-02 10:07:53 +0000},
	Eprint = {0809.3437},
	Journal = {\mnras},
	Keywords = {methods: data analysis , methods: statistical},
	Month = oct,
	Pages = {1601-1614},
	Title = {{MULTINEST: an efficient and robust Bayesian inference tool for cosmology and particle physics}},
	Volume = 398,
	Year = 2009,
	Bdsk-Url-1 = {http://dx.doi.org/10.1111/j.1365-2966.2009.14548.x}}

@article{2015ApJ...807L..18N,
	Adsnote = {Provided by the SAO/NASA Astrophysics Data System},
	Adsurl = {http://adsabs.harvard.edu/abs/2015ApJ...807L..18N},
	Archiveprefix = {arXiv},
	Author = {{Nicholl}, M. and {Smartt}, S.~J. and {Jerkstrand}, A. and {Sim}, S.~A. and {Inserra}, C. and {Anderson}, J.~P. and {Baltay}, C. and {Benetti}, S. and {Chambers}, K. and {Chen}, T.-W. and {Elias-Rosa}, N. and {Feindt}, U. and {Flewelling}, H.~A. and {Fraser}, M. and {Gal-Yam}, A. and {Galbany}, L. and {Huber}, M.~E. and {Kangas}, T. and {Kankare}, E. and {Kotak}, R. and {Kr{\"u}hler}, T. and {Maguire}, K. and {McKinnon}, R. and {Rabinowitz}, D. and {Rostami}, S. and {Schulze}, S. and {Smith}, K.~W. and {Sullivan}, M. and {Tonry}, J.~L. and {Valenti}, S. and {Young}, D.~R.},
	Date-Added = {2015-10-07 13:19:29 +0000},
	Date-Modified = {2016-02-02 10:07:53 +0000},
	Eid = {L18},
	Eprint = {1505.01078},
	Journal = {\apjl},
	Keywords = {supernovae: general, supernovae: individual: LSQ14bdq},
	Month = jul,
	Pages = {L18},
	Primaryclass = {astro-ph.SR},
	Title = {{LSQ14bdq: A Type Ic Super-luminous Supernova with a Double-peaked Light Curve}},
	Volume = 807,
	Year = 2015,
	Bdsk-Url-1 = {http://dx.doi.org/10.1088/2041-8205/807/1/L18}}

@article{2014MNRAS.444.2096N,
	Adsnote = {Provided by the SAO/NASA Astrophysics Data System},
	Adsurl = {http://adsabs.harvard.edu/abs/2014MNRAS.444.2096N},
	Archiveprefix = {arXiv},
	Author = {{Nicholl}, M. and {Smartt}, S.~J. and {Jerkstrand}, A. and {Inserra}, C. and {Anderson}, J.~P. and {Baltay}, C. and {Benetti}, S. and {Chen}, T.-W. and {Elias-Rosa}, N. and {Feindt}, U. and {Fraser}, M. and {Gal-Yam}, A. and {Hadjiyska}, E. and {Howell}, D.~A. and {Kotak}, R. and {Lawrence}, A. and {Leloudas}, G. and {Margheim}, S. and {Mattila}, S. and {McCrum}, M. and {McKinnon}, R. and {Mead}, A. and {Nugent}, P. and {Rabinowitz}, D. and {Rest}, A. and {Smith}, K.~W. and {Sollerman}, J. and {Sullivan}, M. and {Taddia}, F. and {Valenti}, S. and {Walker}, E.~S. and {Young}, D.~R.},
	Date-Added = {2015-10-07 13:19:20 +0000},
	Date-Modified = {2016-02-02 10:07:53 +0000},
	Eprint = {1405.1325},
	Journal = {\mnras},
	Keywords = {supernovae: general, supernovae: individual: LSQ12dlf, supernovae: individual: SN 2013dg, supernovae: individual: SSS120810:231802-560926},
	Month = nov,
	Pages = {2096-2113},
	Primaryclass = {astro-ph.HE},
	Title = {{Superluminous supernovae from PESSTO}},
	Volume = 444,
	Year = 2014,
	Bdsk-Url-1 = {http://dx.doi.org/10.1093/mnras/stu1579}}

@article{2013Natur.502..346N,
	Adsnote = {Provided by the SAO/NASA Astrophysics Data System},
	Adsurl = {http://adsabs.harvard.edu/abs/2013Natur.502..346N},
	Archiveprefix = {arXiv},
	Author = {{Nicholl}, M. and {Smartt}, S.~J. and {Jerkstrand}, A. and {Inserra}, C. and {McCrum}, M. and {Kotak}, R. and {Fraser}, M. and {Wright}, D. and {Chen}, T.-W. and {Smith}, K. and {Young}, D.~R. and {Sim}, S.~A. and {Valenti}, S. and {Howell}, D.~A. and {Bresolin}, F. and {Kudritzki}, R.~P. and {Tonry}, J.~L. and {Huber}, M.~E. and {Rest}, A. and {Pastorello}, A. and {Tomasella}, L. and {Cappellaro}, E. and {Benetti}, S. and {Mattila}, S. and {Kankare}, E. and {Kangas}, T. and {Leloudas}, G. and {Sollerman}, J. and {Taddia}, F. and {Berger}, E. and {Chornock}, R. and {Narayan}, G. and {Stubbs}, C.~W. and {Foley}, R.~J. and {Lunnan}, R. and {Soderberg}, A. and {Sanders}, N. and {Milisavljevic}, D. and {Margutti}, R. and {Kirshner}, R.~P. and {Elias-Rosa}, N. and {Morales-Garoffolo}, A. and {Taubenberger}, S. and {Botticella}, M.~T. and {Gezari}, S. and {Urata}, Y. and {Rodney}, S. and {Riess}, A.~G. and {Scolnic}, D. and {Wood-Vasey}, W.~M. and {Burgett}, W.~S. and {Chambers}, K. and {Flewelling}, H.~A. and {Magnier}, E.~A. and {Kaiser}, N. and {Metcalfe}, N. and {Morgan}, J. and {Price}, P.~A. and {Sweeney}, W. and {Waters}, C.},
	Date-Added = {2015-10-07 13:19:02 +0000},
	Date-Modified = {2016-02-02 10:07:53 +0000},
	Eprint = {1310.4446},
	Journal = {\nat},
	Month = oct,
	Pages = {346-349},
	Primaryclass = {astro-ph.CO},
	Title = {{Slowly fading super-luminous supernovae that are not pair-instability explosions}},
	Volume = 502,
	Year = 2013,
	Bdsk-Url-1 = {http://dx.doi.org/10.1038/nature12569}}

@article{2011ApJ...743..114C,
	Adsnote = {Provided by the SAO/NASA Astrophysics Data System},
	Adsurl = {http://adsabs.harvard.edu/abs/2011ApJ...743..114C},
	Archiveprefix = {arXiv},
	Author = {{Chomiuk}, L. and {Chornock}, R. and {Soderberg}, A.~M. and {Berger}, E. and {Chevalier}, R.~A. and {Foley}, R.~J. and {Huber}, M.~E. and {Narayan}, G. and {Rest}, A. and {Gezari}, S. and {Kirshner}, R.~P. and {Riess}, A. and {Rodney}, S.~A. and {Smartt}, S.~J. and {Stubbs}, C.~W. and {Tonry}, J.~L. and {Wood-Vasey}, W.~M. and {Burgett}, W.~S. and {Chambers}, K.~C. and {Czekala}, I. and {Flewelling}, H. and {Forster}, K. and {Kaiser}, N. and {Kudritzki}, R.-P. and {Magnier}, E.~A. and {Martin}, D.~C. and {Morgan}, J.~S. and {Neill}, J.~D. and {Price}, P.~A. and {Roth}, K.~C. and {Sanders}, N.~E. and {Wainscoat}, R.~J.},
	Date-Added = {2015-10-07 13:17:15 +0000},
	Date-Modified = {2016-02-02 10:07:53 +0000},
	Eid = {114},
	Eprint = {1107.3552},
	Journal = {\apj},
	Keywords = {circumstellar matter, stars: magnetars, supernovae: general, supernovae: individual: PS1-10ky PS1-10awh},
	Month = dec,
	Pages = {114},
	Primaryclass = {astro-ph.HE},
	Title = {{Pan-STARRS1 Discovery of Two Ultraluminous Supernovae at z {\ap} 0.9}},
	Volume = 743,
	Year = 2011,
	Bdsk-Url-1 = {http://dx.doi.org/10.1088/0004-637X/743/2/114}}

@article{2013ApJ...779...98H,
	Adsnote = {Provided by the SAO/NASA Astrophysics Data System},
	Adsurl = {http://adsabs.harvard.edu/abs/2013ApJ...779...98H},
	Archiveprefix = {arXiv},
	Author = {{Howell}, D.~A. and {Kasen}, D. and {Lidman}, C. and {Sullivan}, M. and {Conley}, A. and {Astier}, P. and {Balland}, C. and {Carlberg}, R.~G. and {Fouchez}, D. and {Guy}, J. and {Hardin}, D. and {Pain}, R. and {Palanque-Delabrouille}, N. and {Perrett}, K. and {Pritchet}, C.~J. and {Regnault}, N. and {Rich}, J. and {Ruhlmann-Kleider}, V.},
	Date-Added = {2015-10-07 13:16:19 +0000},
	Date-Modified = {2016-02-02 10:07:53 +0000},
	Eid = {98},
	Eprint = {1310.0470},
	Journal = {\apj},
	Keywords = {supernovae: general},
	Month = dec,
	Pages = {98},
	Title = {{Two Superluminous Supernovae from the Early Universe Discovered by the Supernova Legacy Survey}},
	Volume = 779,
	Year = 2013,
	Bdsk-Url-1 = {http://dx.doi.org/10.1088/0004-637X/779/2/98}}

@inproceedings{2010SPIE.7733E..0EK,
	Adsnote = {Provided by the SAO/NASA Astrophysics Data System},
	Adsurl = {http://adsabs.harvard.edu/abs/2010SPIE.7733E..0EK},
	Author = {{Kaiser}, N. and {Burgett}, W. and {Chambers}, K. and {Denneau}, L. and {Heasley}, J. and {Jedicke}, R. and {Magnier}, E. and {Morgan}, J. and {Onaka}, P. and {Tonry}, J.},
	Booktitle = {Society of Photo-Optical Instrumentation Engineers (SPIE) Conference Series},
	Date-Added = {2015-10-07 12:32:03 +0000},
	Date-Modified = {2016-02-02 10:07:53 +0000},
	Eid = {77330E},
	Month = jul,
	Pages = {0},
	Series = {Society of Photo-Optical Instrumentation Engineers (SPIE) Conference Series},
	Title = {{The Pan-STARRS wide-field optical/NIR imaging survey}},
	Volume = 7733,
	Year = 2010,
	Bdsk-Url-1 = {http://dx.doi.org/10.1117/12.859188}}

@article{2010AJ....140..518P,
	Adsnote = {Provided by the SAO/NASA Astrophysics Data System},
	Adsurl = {http://adsabs.harvard.edu/abs/2010AJ....140..518P},
	Archiveprefix = {arXiv},
	Author = {{Perrett}, K. and {Balam}, D. and {Sullivan}, M. and {Pritchet}, C. and {Conley}, A. and {Carlberg}, R. and {Astier}, P. and {Balland}, C. and {Basa}, S. and {Fouchez}, D. and {Guy}, J. and {Hardin}, D. and {Hook}, I.~M. and {Howell}, D.~A. and {Pain}, R. and {Regnault}, N.},
	Date-Added = {2015-10-07 12:29:24 +0000},
	Date-Modified = {2016-02-02 10:07:53 +0000},
	Eprint = {1006.2254},
	Journal = {\aj},
	Keywords = {cosmology: observations, methods: data analysis, supernovae: general, surveys, techniques: photometric},
	Month = aug,
	Pages = {518-532},
	Title = {{Real-time Analysis and Selection Biases in the Supernova Legacy Survey}},
	Volume = 140,
	Year = 2010,
	Bdsk-Url-1 = {http://dx.doi.org/10.1088/0004-6256/140/2/518}}

@article{2012AJ....144...59P,
	Adsnote = {Provided by the SAO/NASA Astrophysics Data System},
	Adsurl = {http://adsabs.harvard.edu/abs/2012AJ....144...59P},
	Archiveprefix = {arXiv},
	Author = {{Perrett}, K. and {Sullivan}, M. and {Conley}, A. and {Gonz{\'a}lez-Gait{\'a}n}, S. and {Carlberg}, R. and {Fouchez}, D. and {Ripoche}, P. and {Neill}, J.~D. and {Astier}, P. and {Balam}, D. and {Balland}, C. and {Basa}, S. and {Guy}, J. and {Hardin}, D. and {Hook}, I.~M. and {Howell}, D.~A. and {Pain}, R. and {Palanque-Delabrouille}, N. and {Pritchet}, C. and {Regnault}, N. and {Rich}, J. and {Ruhlmann-Kleider}, V. and {Baumont}, S. and {Lidman}, C. and {Perlmutter}, S. and {Walker}, E.~S.},
	Date-Added = {2015-10-07 12:29:12 +0000},
	Date-Modified = {2016-02-02 10:07:53 +0000},
	Eid = {59},
	Eprint = {1206.0665},
	Journal = {\aj},
	Keywords = {supernovae: general, surveys},
	Month = aug,
	Pages = {59},
	Title = {{Evolution in the Volumetric Type Ia Supernova Rate from the Supernova Legacy Survey}},
	Volume = 144,
	Year = 2012,
	Bdsk-Url-1 = {http://dx.doi.org/10.1088/0004-6256/144/2/59}}

@article{2009PASP..121.1334R,
	Adsnote = {Provided by the SAO/NASA Astrophysics Data System},
	Adsurl = {http://adsabs.harvard.edu/abs/2009PASP..121.1334R},
	Archiveprefix = {arXiv},
	Author = {{Rau}, A. and {Kulkarni}, S.~R. and {Law}, N.~M. and {Bloom}, J.~S. and {Ciardi}, D. and {Djorgovski}, G.~S. and {Fox}, D.~B. and {Gal-Yam}, A. and {Grillmair}, C.~C. and {Kasliwal}, M.~M. and {Nugent}, P.~E. and {Ofek}, E.~O. and {Quimby}, R.~M. and {Reach}, W.~T. and {Shara}, M. and {Bildsten}, L. and {Cenko}, S.~B. and {Drake}, A.~J. and {Filippenko}, A.~V. and {Helfand}, D.~J. and {Helou}, G. and {Howell}, D.~A. and {Poznanski}, D. and {Sullivan}, M.},
	Date-Added = {2015-10-07 12:28:41 +0000},
	Date-Modified = {2016-02-02 10:07:53 +0000},
	Eprint = {0906.5355},
	Journal = {\pasp},
	Keywords = {Supernovae},
	Month = dec,
	Pages = {1334-1351},
	Primaryclass = {astro-ph.CO},
	Title = {{Exploring the Optical Transient Sky with the Palomar Transient Factory}},
	Volume = 121,
	Year = 2009,
	Bdsk-Url-1 = {http://dx.doi.org/10.1086/605911}}

@article{2009PASP..121.1395L,
	Adsnote = {Provided by the SAO/NASA Astrophysics Data System},
	Adsurl = {http://adsabs.harvard.edu/abs/2009PASP..121.1395L},
	Archiveprefix = {arXiv},
	Author = {{Law}, N.~M. and {Kulkarni}, S.~R. and {Dekany}, R.~G. and {Ofek}, E.~O. and {Quimby}, R.~M. and {Nugent}, P.~E. and {Surace}, J. and {Grillmair}, C.~C. and {Bloom}, J.~S. and {Kasliwal}, M.~M. and {Bildsten}, L. and {Brown}, T. and {Cenko}, S.~B. and {Ciardi}, D. and {Croner}, E. and {Djorgovski}, S.~G. and {van Eyken}, J. and {Filippenko}, A.~V. and {Fox}, D.~B. and {Gal-Yam}, A. and {Hale}, D. and {Hamam}, N. and {Helou}, G. and {Henning}, J. and {Howell}, D.~A. and {Jacobsen}, J. and {Laher}, R. and {Mattingly}, S. and {McKenna}, D. and {Pickles}, A. and {Poznanski}, D. and {Rahmer}, G. and {Rau}, A. and {Rosing}, W. and {Shara}, M. and {Smith}, R. and {Starr}, D. and {Sullivan}, M. and {Velur}, V. and {Walters}, R. and {Zolkower}, J.},
	Date-Added = {2015-10-07 12:28:25 +0000},
	Date-Modified = {2016-02-02 10:07:53 +0000},
	Eprint = {0906.5350},
	Journal = {\pasp},
	Keywords = {Astronomical Techniques},
	Month = dec,
	Pages = {1395-1408},
	Primaryclass = {astro-ph.IM},
	Title = {{The Palomar Transient Factory: System Overview, Performance, and First Results}},
	Volume = 121,
	Year = 2009,
	Bdsk-Url-1 = {http://dx.doi.org/10.1086/648598}}

@article{2012Natur.491..228C,
	Adsnote = {Provided by the SAO/NASA Astrophysics Data System},
	Adsurl = {http://adsabs.harvard.edu/abs/2012Natur.491..228C},
	Archiveprefix = {arXiv},
	Author = {{Cooke}, J. and {Sullivan}, M. and {Gal-Yam}, A. and {Barton}, E.~J. and {Carlberg}, R.~G. and {Ryan-Weber}, E.~V. and {Horst}, C. and {Omori}, Y. and {D{\'{\i}}az}, C.~G.},
	Date-Added = {2015-10-07 12:27:46 +0000},
	Date-Modified = {2016-02-02 10:07:53 +0000},
	Eprint = {1211.2003},
	Journal = {\nat},
	Month = nov,
	Pages = {228-231},
	Primaryclass = {astro-ph.CO},
	Title = {{Superluminous supernovae at redshifts of 2.05 and 3.90}},
	Volume = 491,
	Year = 2012,
	Bdsk-Url-1 = {http://dx.doi.org/10.1038/nature11521}}

@misc{2014hst..prop13784Q,
	Adsnote = {Provided by the SAO/NASA Astrophysics Data System},
	Adsurl = {http://adsabs.harvard.edu/abs/2014hst..prop13784Q},
	Author = {{Quimby}, R.},
	Date-Added = {2015-10-07 12:26:11 +0000},
	Date-Modified = {2015-10-07 12:26:11 +0000},
	Howpublished = {HST Proposal},
	Month = oct,
	Pages = {13784},
	Title = {{The First UV Spectra of a Hydrogen-Rich Superluminous Supernova}},
	Year = 2014}

@article{2015MNRAS.452.3869N,
	Adsnote = {Provided by the SAO/NASA Astrophysics Data System},
	Adsurl = {http://adsabs.harvard.edu/abs/2015MNRAS.452.3869N},
	Archiveprefix = {arXiv},
	Author = {{Nicholl}, M. and {Smartt}, S.~J. and {Jerkstrand}, A. and {Inserra}, C. and {Sim}, S.~A. and {Chen}, T.-W. and {Benetti}, S. and {Fraser}, M. and {Gal-Yam}, A. and {Kankare}, E. and {Maguire}, K. and {Smith}, K. and {Sullivan}, M. and {Valenti}, S. and {Young}, D.~R. and {Baltay}, C. and {Bauer}, F.~E. and {Baumont}, S. and {Bersier}, D. and {Botticella}, M.-T. and {Childress}, M. and {Dennefeld}, M. and {Della Valle}, M. and {Elias-Rosa}, N. and {Feindt}, U. and {Galbany}, L. and {Hadjiyska}, E. and {Le Guillou}, L. and {Leloudas}, G. and {Mazzali}, P. and {McKinnon}, R. and {Polshaw}, J. and {Rabinowitz}, D. and {Rostami}, S. and {Scalzo}, R. and {Schmidt}, B.~P. and {Schulze}, S. and {Sollerman}, J. and {Taddia}, F. and {Yuan}, F.},
	Date-Added = {2015-10-07 12:25:44 +0000},
	Date-Modified = {2016-02-02 10:07:53 +0000},
	Eprint = {1503.03310},
	Journal = {\mnras},
	Keywords = {supernovae: general, supernovae: individual: LSQ14bdq, supernovae: individual: LSQ14mo, supernovae: individual: SN 2013hx},
	Month = oct,
	Pages = {3869-3893},
	Primaryclass = {astro-ph.SR},
	Title = {{On the diversity of superluminous supernovae: ejected mass as the dominant factor}},
	Volume = 452,
	Year = 2015,
	Bdsk-Url-1 = {http://dx.doi.org/10.1093/mnras/stv1522}}

@article{2015MNRAS.449.1215P,
	Adsnote = {Provided by the SAO/NASA Astrophysics Data System},
	Adsurl = {http://adsabs.harvard.edu/abs/2015MNRAS.449.1215P},
	Archiveprefix = {arXiv},
	Author = {{Papadopoulos}, A. and {D'Andrea}, C.~B. and {Sullivan}, M. and {Nichol}, R.~C. and {Barbary}, K. and {Biswas}, R. and {Brown}, P.~J. and {Covarrubias}, R.~A. and {Finley}, D.~A. and {Fischer}, J.~A. and {Foley}, R.~J. and {Goldstein}, D. and {Gupta}, R.~R. and {Kessler}, R. and {Kovacs}, E. and {Kuhlmann}, S.~E. and {Lidman}, C. and {March}, M. and {Nugent}, P.~E. and {Sako}, M. and {Smith}, R.~C. and {Spinka}, H. and {Wester}, W. and {Abbott}, T.~M.~C. and {Abdalla}, F. and {Allam}, S.~S. and {Banerji}, M. and {Bernstein}, J.~P. and {Bernstein}, R.~A. and {Carnero}, A. and {da Costa}, L.~N. and {DePoy}, D.~L. and {Desai}, S. and {Diehl}, H.~T. and {Eifler}, T. and {Evrard}, A.~E. and {Flaugher}, B. and {Frieman}, J.~A. and {Gerdes}, D. and {Gruen}, D. and {Honscheid}, K. and {James}, D. and {Kuehn}, K. and {Kuropatkin}, N. and {Lahav}, O. and {Maia}, M.~A.~G. and {Makler}, M. and {Marshall}, J.~L. and {Merritt}, K.~W. and {Miller}, C.~J. and {Miquel}, R. and {Ogando}, R. and {Plazas}, A.~A. and {Roe}, N.~A. and {Romer}, A.~K. and {Rykoff}, E. and {Sanchez}, E. and {Santiago}, B.~X. and {Scarpine}, V. and {Schubnell}, M. and {Sevilla}, I. and {Soares-Santos}, M. and {Suchyta}, E. and {Swanson}, M. and {Tarle}, G. and {Thaler}, J. and {Tucker}, L.~D. and {Wechsler}, R.~H. and {Zuntz}, J.},
	Date-Added = {2015-10-07 12:25:33 +0000},
	Date-Modified = {2016-02-02 10:07:53 +0000},
	Eprint = {1501.07232},
	Journal = {\mnras},
	Keywords = {surveys, supernovae: general, supernovae: individual: DES13S2cmm},
	Month = may,
	Pages = {1215-1227},
	Primaryclass = {astro-ph.HE},
	Title = {{DES13S2cmm: the first superluminous supernova from the Dark Energy Survey}},
	Volume = 449,
	Year = 2015,
	Bdsk-Url-1 = {http://dx.doi.org/10.1093/mnras/stv174}}

@article{2013ApJ...767..162C,
	Adsnote = {Provided by the SAO/NASA Astrophysics Data System},
	Adsurl = {http://adsabs.harvard.edu/abs/2013ApJ...767..162C},
	Archiveprefix = {arXiv},
	Author = {{Chornock}, R. and {Berger}, E. and {Rest}, A. and {Milisavljevic}, D. and {Lunnan}, R. and {Foley}, R.~J. and {Soderberg}, A.~M. and {Smartt}, S.~J. and {Burgasser}, A.~J. and {Challis}, P. and {Chomiuk}, L. and {Czekala}, I. and {Drout}, M. and {Fong}, W. and {Huber}, M.~E. and {Kirshner}, R.~P. and {Leibler}, C. and {McLeod}, B. and {Marion}, G.~H. and {Narayan}, G. and {Riess}, A.~G. and {Roth}, K.~C. and {Sanders}, N.~E. and {Scolnic}, D. and {Smith}, K. and {Stubbs}, C.~W. and {Tonry}, J.~L. and {Valenti}, S. and {Burgett}, W.~S. and {Chambers}, K.~C. and {Hodapp}, K.~W. and {Kaiser}, N. and {Kudritzki}, R.-P. and {Magnier}, E.~A. and {Price}, P.~A.},
	Date-Added = {2015-10-07 12:25:13 +0000},
	Date-Modified = {2016-02-02 10:07:53 +0000},
	Eid = {162},
	Eprint = {1302.0009},
	Journal = {\apj},
	Keywords = {supernovae: individual: PS1-10afx, surveys},
	Month = apr,
	Pages = {162},
	Title = {{PS1-10afx at z = 1.388: Pan-STARRS1 Discovery of a New Type of Superluminous Supernova}},
	Volume = 767,
	Year = 2013,
	Bdsk-Url-1 = {http://dx.doi.org/10.1088/0004-637X/767/2/162}}

@article{2014ApJ...797...24V,
	Adsnote = {Provided by the SAO/NASA Astrophysics Data System},
	Adsurl = {http://adsabs.harvard.edu/abs/2014ApJ...797...24V},
	Archiveprefix = {arXiv},
	Author = {{Vreeswijk}, P.~M. and {Savaglio}, S. and {Gal-Yam}, A. and {De Cia}, A. and {Quimby}, R.~M. and {Sullivan}, M. and {Cenko}, S.~B. and {Perley}, D.~A. and {Filippenko}, A.~V. and {Clubb}, K.~I. and {Taddia}, F. and {Sollerman}, J. and {Leloudas}, G. and {Arcavi}, I. and {Rubin}, A. and {Kasliwal}, M.~M. and {Cao}, Y. and {Yaron}, O. and {Tal}, D. and {Ofek}, E.~O. and {Capone}, J. and {Kutyrev}, A.~S. and {Toy}, V. and {Nugent}, P.~E. and {Laher}, R. and {Surace}, J. and {Kulkarni}, S.~R.},
	Date-Added = {2015-10-07 12:25:04 +0000},
	Date-Modified = {2016-02-02 10:07:53 +0000},
	Eid = {24},
	Eprint = {1409.8287},
	Journal = {\apj},
	Keywords = {ISM: atoms, supernovae: general, supernovae: individual: iPTF 13ajg},
	Month = dec,
	Pages = {24},
	Primaryclass = {astro-ph.HE},
	Title = {{The Hydrogen-poor Superluminous Supernova iPTF 13ajg and its Host Galaxy in Absorption and Emission}},
	Volume = 797,
	Year = 2014,
	Bdsk-Url-1 = {http://dx.doi.org/10.1088/0004-637X/797/1/24}}

@article{2014MNRAS.437..656M,
	Adsnote = {Provided by the SAO/NASA Astrophysics Data System},
	Adsurl = {http://adsabs.harvard.edu/abs/2014MNRAS.437..656M},
	Archiveprefix = {arXiv},
	Author = {{McCrum}, M. and {Smartt}, S.~J. and {Kotak}, R. and {Rest}, A. and {Jerkstrand}, A. and {Inserra}, C. and {Rodney}, S.~A. and {Chen}, T.-W. and {Howell}, D.~A. and {Huber}, M.~E. and {Pastorello}, A. and {Tonry}, J.~L. and {Bresolin}, F. and {Kudritzki}, R.-P. and {Chornock}, R. and {Berger}, E. and {Smith}, K. and {Botticella}, M.~T. and {Foley}, R.~J. and {Fraser}, M. and {Milisavljevic}, D. and {Nicholl}, M. and {Riess}, A.~G. and {Stubbs}, C.~W. and {Valenti}, S. and {Wood-Vasey}, W.~M. and {Wright}, D. and {Young}, D.~R. and {Drout}, M. and {Czekala}, I. and {Burgett}, W.~S. and {Chambers}, K.~C. and {Draper}, P. and {Flewelling}, H. and {Hodapp}, K.~W. and {Kaiser}, N. and {Magnier}, E.~A. and {Metcalfe}, N. and {Price}, P.~A. and {Sweeney}, W. and {Wainscoat}, R.~J.},
	Date-Added = {2015-10-07 12:24:53 +0000},
	Date-Modified = {2016-02-02 10:07:53 +0000},
	Eprint = {1310.4417},
	Journal = {\mnras},
	Keywords = {supernovae: general, supernovae: individual: PS1-11ap},
	Month = jan,
	Pages = {656-674},
	Title = {{The superluminous supernova PS1-11ap: bridging the gap between low and high redshift}},
	Volume = 437,
	Year = 2014,
	Bdsk-Url-1 = {http://dx.doi.org/10.1093/mnras/stt1923}}

@article{2014MNRAS.441..289B,
	Adsnote = {Provided by the SAO/NASA Astrophysics Data System},
	Adsurl = {http://adsabs.harvard.edu/abs/2014MNRAS.441..289B},
	Archiveprefix = {arXiv},
	Author = {{Benetti}, S. and {Nicholl}, M. and {Cappellaro}, E. and {Pastorello}, A. and {Smartt}, S.~J. and {Elias-Rosa}, N. and {Drake}, A.~J. and {Tomasella}, L. and {Turatto}, M. and {Harutyunyan}, A. and {Taubenberger}, S. and {Hachinger}, S. and {Morales-Garoffolo}, A. and {Chen}, T.-W. and {Djorgovski}, S.~G. and {Fraser}, M. and {Gal-Yam}, A. and {Inserra}, C. and {Mazzali}, P. and {Pumo}, M.~L. and {Sollerman}, J. and {Valenti}, S. and {Young}, D.~R. and {Dennefeld}, M. and {Le Guillou}, L. and {Fleury}, M. and {L{\'e}get}, P.-F.},
	Date-Added = {2015-10-07 12:24:39 +0000},
	Date-Modified = {2016-02-02 10:07:53 +0000},
	Eprint = {1310.1311},
	Journal = {\mnras},
	Keywords = {supernovae: general, supernovae: individual: CSS121015:004244+132827},
	Month = jun,
	Pages = {289-303},
	Primaryclass = {astro-ph.SR},
	Title = {{The supernova CSS121015:004244+132827: a clue for understanding superluminous supernovae}},
	Volume = 441,
	Year = 2014,
	Bdsk-Url-1 = {http://dx.doi.org/10.1093/mnras/stu538}}

@ARTICLE{2015ApJ...804...90L,
   author = {{Lunnan}, R. and {Chornock}, R. and {Berger}, E. and {Rest}, A. and
	{Fong}, W. and {Scolnic}, D. and {Jones}, D.~O. and {Soderberg}, A.~M. and
	{Challis}, P.~M. and {Drout}, M.~R. and {Foley}, R.~J. and {Huber}, M.~E. and
	{Kirshner}, R.~P. and {Leibler}, C. and {Marion}, G.~H. and
	{McCrum}, M. and {Milisavljevic}, D. and {Narayan}, G. and {Sanders}, N.~E. and
	{Smartt}, S.~J. and {Smith}, K.~W. and {Tonry}, J.~L. and {Burgett}, W.~S. and
	{Chambers}, K.~C. and {Flewelling}, H. and {Kudritzki}, R.-P. and
	{Wainscoat}, R.~J. and {Waters}, C.},
    title = "{Zooming In on the Progenitors of Superluminous Supernovae With the HST}",
  journal = {\apj},
archivePrefix = "arXiv",
   eprint = {1411.1060},
 primaryClass = "astro-ph.HE",
 keywords = {galaxies: dwarf, galaxies: star formation, supernovae: general},
     year = 2015,
    month = may,
   volume = 804,
      eid = {90},
    pages = {90},
      doi = {10.1088/0004-637X/804/2/90},
   adsurl = {http://adsabs.harvard.edu/abs/2015ApJ...804...90L},
  adsnote = {Provided by the SAO/NASA Astrophysics Data System}
}

@article{2013ApJ...771...97L,
	Adsnote = {Provided by the SAO/NASA Astrophysics Data System},
	Adsurl = {http://adsabs.harvard.edu/abs/2013ApJ...771...97L},
	Archiveprefix = {arXiv},
	Author = {{Lunnan}, R. and {Chornock}, R. and {Berger}, E. and {Milisavljevic}, D. and {Drout}, M. and {Sanders}, N.~E. and {Challis}, P.~M. and {Czekala}, I. and {Foley}, R.~J. and {Fong}, W. and {Huber}, M.~E. and {Kirshner}, R.~P. and {Leibler}, C. and {Marion}, G.~H. and {McCrum}, M. and {Narayan}, G. and {Rest}, A. and {Roth}, K.~C. and {Scolnic}, D. and {Smartt}, S.~J. and {Smith}, K. and {Soderberg}, A.~M. and {Stubbs}, C.~W. and {Tonry}, J.~L. and {Burgett}, W.~S. and {Chambers}, K.~C. and {Kudritzki}, R.-P. and {Magnier}, E.~A. and {Price}, P.~A.},
	Date-Added = {2015-10-07 12:10:05 +0000},
	Date-Modified = {2016-02-02 10:07:53 +0000},
	Eid = {97},
	Eprint = {1303.1531},
	Journal = {\apj},
	Keywords = {supernovae: general, supernovae: individual: PS1-10bzj},
	Month = jul,
	Pages = {97},
	Primaryclass = {astro-ph.HE},
	Title = {{PS1-10bzj: A Fast, Hydrogen-poor Superluminous Supernova in a Metal-poor Host Galaxy}},
	Volume = 771,
	Year = 2013,
	Bdsk-Url-1 = {http://dx.doi.org/10.1088/0004-637X/771/2/97}}

@ARTICLE{2011ApJ...727...15N,
   author = {{Neill}, J.~D. and {Sullivan}, M. and {Gal-Yam}, A. and {Quimby}, R. and
	{Ofek}, E. and {Wyder}, T.~K. and {Howell}, D.~A. and {Nugent}, P. and
	{Seibert}, M. and {Martin}, D.~C. and {Overzier}, R. and {Barlow}, T.~A. and
	{Foster}, K. and {Friedman}, P.~G. and {Morrissey}, P. and {Neff}, S.~G. and
	{Schiminovich}, D. and {Bianchi}, L. and {Donas}, J. and {Heckman}, T.~M. and
	{Lee}, Y.-W. and {Madore}, B.~F. and {Milliard}, B. and {Rich}, R.~M. and
	{Szalay}, A.~S.},
    title = "{The Extreme Hosts of Extreme Supernovae}",
  journal = {\apj},
archivePrefix = "arXiv",
   eprint = {1011.3512},
 keywords = {galaxies: dwarf, stars: luminosity function, mass function, stars: massive, supernovae: general},
     year = 2011,
    month = jan,
   volume = 727,
      eid = {15},
    pages = {15},
      doi = {10.1088/0004-637X/727/1/15},
   adsurl = {http://adsabs.harvard.edu/abs/2011ApJ...727...15N},
  adsnote = {Provided by the SAO/NASA Astrophysics Data System}
}

@article{2013MNRAS.431..912Q,
	Adsnote = {Provided by the SAO/NASA Astrophysics Data System},
	Adsurl = {http://adsabs.harvard.edu/abs/2013MNRAS.431..912Q},
	Archiveprefix = {arXiv},
	Author = {{Quimby}, R.~M. and {Yuan}, F. and {Akerlof}, C. and {Wheeler}, J.~C.},
	Date-Added = {2015-10-07 12:09:45 +0000},
	Date-Modified = {2016-02-02 10:07:53 +0000},
	Eprint = {1302.0911},
	Journal = {\mnras},
	Keywords = {supernovae: general},
	Month = may,
	Pages = {912-922},
	Title = {{Rates of superluminous supernovae at z {\tilde} 0.2}},
	Volume = 431,
	Year = 2013,
	Bdsk-Url-1 = {http://dx.doi.org/10.1093/mnras/stt213}}

@article{2015MNRAS.449..917L,
	Adsnote = {Provided by the SAO/NASA Astrophysics Data System},
	Adsurl = {http://adsabs.harvard.edu/abs/2015MNRAS.449..917L},
	Archiveprefix = {arXiv},
	Author = {{Leloudas}, G. and {Schulze}, S. and {Kr{\"u}hler}, T. and {Gorosabel}, J. and {Christensen}, L. and {Mehner}, A. and {de Ugarte Postigo}, A. and {Amor{\'{\i}}n}, R. and {Th{\"o}ne}, C.~C. and {Anderson}, J.~P. and {Bauer}, F.~E. and {Gallazzi}, A. and {He{\l}miniak}, K.~G. and {Hjorth}, J. and {Ibar}, E. and {Malesani}, D. and {Morell}, N. and {Vinko}, J. and {Wheeler}, J.~C.},
	Date-Added = {2015-10-07 12:09:32 +0000},
	Date-Modified = {2016-02-02 10:07:53 +0000},
	Eprint = {1409.8331},
	Journal = {\mnras},
	Keywords = {supernovae: general, galaxies: abundances, galaxies: starburst},
	Month = may,
	Pages = {917-932},
	Title = {{Spectroscopy of superluminous supernova host galaxies. A preference of hydrogen-poor events for extreme emission line galaxies}},
	Volume = 449,
	Year = 2015,
	Bdsk-Url-1 = {http://dx.doi.org/10.1093/mnras/stv320}}

@article{2012Sci...337..927G,
	Adsnote = {Provided by the SAO/NASA Astrophysics Data System},
	Adsurl = {http://adsabs.harvard.edu/abs/2012Sci...337..927G},
	Archiveprefix = {arXiv},
	Author = {{Gal-Yam}, A.},
	Date-Added = {2015-10-07 12:09:20 +0000},
	Date-Modified = {2016-02-02 10:07:53 +0000},
	Eprint = {1208.3217},
	Journal = {Science},
	Month = aug,
	Pages = {927-},
	Title = {{Luminous Supernovae}},
	Volume = 337,
	Year = 2012,
	Bdsk-Url-1 = {http://dx.doi.org/10.1126/science.1203601}}

@article{2013CBET.3463....2I,
	Adsnote = {Provided by the SAO/NASA Astrophysics Data System},
	Adsurl = {http://adsabs.harvard.edu/abs/2013CBET.3463....2I},
	Author = {{Inserra}, C. and {Smartt}, S.~J. and {Fraser}, M. and {Young}, D. and {Smith}, K. and {Wright}, D. and {Kotak}, R. and {McCrum}, M. and {Magill}, L. and {Chen}, T.-W. and {Pastorello}, A. and {Benetti}, S. and {Valenti}, S. and {Bresolin}, F. and {Kudritzki}, R. and {Tonry}, J. and {Magnier}, E. and {Huber}, M. and {Chambers}, K. and {Kaiser}, N. and {Morgan}, J. and {Burgett}, W. and {Heasley}, J. and {Sweeney}, W. and {Waters}, C. and {Flewelling}, H. and {Stubbs}, C. and {Price}, P.~A. and {Sollerman}, J. and {Taddia}, F. and {Ergon}, M. and {Leloudas}, G. and {Taubenberger}, S.},
	Date-Added = {2015-10-07 12:04:40 +0000},
	Date-Modified = {2015-10-07 12:04:40 +0000},
	Journal = {Central Bureau Electronic Telegrams},
	Month = apr,
	Pages = {2},
	Title = {{Supernova 2011kf}},
	Volume = 3463,
	Year = 2013}

@article{2013CBET.3467....3I,
	Adsnote = {Provided by the SAO/NASA Astrophysics Data System},
	Adsurl = {http://adsabs.harvard.edu/abs/2013CBET.3467....3I},
	Author = {{Inserra}, C. and {Smartt}, S.~J. and {Fraser}, M. and {Young}, D. and {Smith}, K. and {Wright}, D. and {Kotak}, R. and {McCrum}, M. and {Magill}, L. and {Chen}, T.-W. and {Pastorello}, A. and {Benetti}, S. and {Valenti}, S. and {Bresolin}, F. and {Kudritzki}, R. and {Tonry}, J. and {Magnier}, E. and {Huber}, M. and {Chambers}, K. and {Kaiser}, N. and {Morgan}, J. and {Burgett}, W. and {Heasley}, J. and {Sweeney}, W. and {Waters}, C. and {Flewelling}, H. and {Stubbs}, C. and {Price}, P.~A. and {Sollerman}, J. and {Taddia}, F. and {Ergon}, M. and {Leloudas}, G. and {Taubenberger}, S. and {Mahabal}, A.~A.},
	Date-Added = {2015-10-07 12:04:32 +0000},
	Date-Modified = {2015-10-07 12:04:32 +0000},
	Journal = {Central Bureau Electronic Telegrams},
	Month = apr,
	Pages = {3},
	Title = {{Supernova 2011ke}},
	Volume = 3467,
	Year = 2013}

@article{2014ApJ...796...87I,
	Adsnote = {Provided by the SAO/NASA Astrophysics Data System},
	Adsurl = {http://adsabs.harvard.edu/abs/2014ApJ...796...87I},
	Archiveprefix = {arXiv},
	Author = {{Inserra}, C. and {Smartt}, S.~J.},
	Date-Added = {2015-10-07 12:04:00 +0000},
	Date-Modified = {2016-02-02 10:07:53 +0000},
	Eid = {87},
	Eprint = {1409.4429},
	Journal = {\apj},
	Keywords = {distance scale, supernovae: general},
	Month = dec,
	Pages = {87},
	Primaryclass = {astro-ph.SR},
	Title = {{Superluminous Supernovae as Standardizable Candles and High-redshift Distance Probes}},
	Volume = 796,
	Year = 2014,
	Bdsk-Url-1 = {http://dx.doi.org/10.1088/0004-637X/796/2/87}}

@article{2013ApJ...770..128I,
	Adsnote = {Provided by the SAO/NASA Astrophysics Data System},
	Adsurl = {http://adsabs.harvard.edu/abs/2013ApJ...770..128I},
	Archiveprefix = {arXiv},
	Author = {{Inserra}, C. and {Smartt}, S.~J. and {Jerkstrand}, A. and {Valenti}, S. and {Fraser}, M. and {Wright}, D. and {Smith}, K. and {Chen}, T.-W. and {Kotak}, R. and {Pastorello}, A. and {Nicholl}, M. and {Bresolin}, F. and {Kudritzki}, R.~P. and {Benetti}, S. and {Botticella}, M.~T. and {Burgett}, W.~S. and {Chambers}, K.~C. and {Ergon}, M. and {Flewelling}, H. and {Fynbo}, J.~P.~U. and {Geier}, S. and {Hodapp}, K.~W. and {Howell}, D.~A. and {Huber}, M. and {Kaiser}, N. and {Leloudas}, G. and {Magill}, L. and {Magnier}, E.~A. and {McCrum}, M.~G. and {Metcalfe}, N. and {Price}, P.~A. and {Rest}, A. and {Sollerman}, J. and {Sweeney}, W. and {Taddia}, F. and {Taubenberger}, S. and {Tonry}, J.~L. and {Wainscoat}, R.~J. and {Waters}, C. and {Young}, D.},
	Date-Added = {2015-10-07 12:03:06 +0000},
	Date-Modified = {2016-02-02 10:07:53 +0000},
	Eid = {128},
	Eprint = {1304.3320},
	Journal = {\apj},
	Keywords = {stars: magnetars, supernovae: general, supernovae: individual: PTF10hgi PTF11rks SN 2011ke SN 2011kf SN 2012il},
	Month = jun,
	Pages = {128},
	Primaryclass = {astro-ph.HE},
	Title = {{Super-luminous Type Ic Supernovae: Catching a Magnetar by the Tail}},
	Volume = 770,
	Year = 2013,
	Bdsk-Url-1 = {http://dx.doi.org/10.1088/0004-637X/770/2/128}}

@article{KHACHIYAN198053,
	Author = {L.G. Khachiyan},
	Date-Modified = {2016-02-02 10:07:53 +0000},
	Issn = {0041-5553},
	Journal = {USSR Computational Mathematics and Mathematical Physics},
	Number = {1},
	Pages = {53 - 72},
	Title = {Polynomial algorithms in linear programming},
	Volume = {20},
	Year = {1980},
	Bdsk-Url-1 = {http://www.sciencedirect.com/science/article/pii/0041555380900610},
	Bdsk-Url-2 = {http://dx.doi.org/10.1016/0041-5553(80)90061-0}}

@ARTICLE{2013PASA...30....1L,
   author = {{Lidman}, C. and {Ruhlmann-Kleider}, V. and {Sullivan}, M. and
	{Myzska}, J. and {Dobbie}, P. and {Glazebrook}, K. and {Mould}, J. and
	{Astier}, P. and {Balland}, C. and {Betoule}, M. and {Carlberg}, R. and
	{Conley}, A. and {Fouchez}, D. and {Guy}, J. and {Hardin}, D. and
	{Hook}, I. and {Howell}, D.~A. and {Pain}, R. and {Palanque-Delabrouille}, N. and
	{Perrett}, K. and {Pritchet}, C. and {Regnault}, N. and {Rich}, J.
	},
    title = "{An Efficient Approach to Obtaining Large Numbers of Distant Supernova Host Galaxy Redshifts}",
  journal = {\pasa},
archivePrefix = "arXiv",
   eprint = {1205.1306},
 keywords = {cosmology: observations, galaxies: clusters: general, galaxies: general, supernovae: general, white dwarfs},
     year = 2013,
    month = jan,
   volume = 30,
      eid = {e001},
    pages = {e001},
      doi = {10.1017/pasa.2012.001},
   adsurl = {http://adsabs.harvard.edu/abs/2013PASA...30....1L},
  adsnote = {Provided by the SAO/NASA Astrophysics Data System}
}

@ARTICLE{2011Natur.480...72T,
   author = {{Th{\"o}ne}, C.~C. and {de Ugarte Postigo}, A. and {Fryer}, C.~L. and
	{Page}, K.~L. and {Gorosabel}, J. and {Aloy}, M.~A. and {Perley}, D.~A. and
	{Kouveliotou}, C. and {Janka}, H.~T. and {Mimica}, P. and {Racusin}, J.~L. and
	{Krimm}, H. and {Cummings}, J. and {Oates}, S.~R. and {Holland}, S.~T. and
	{Siegel}, M.~H. and {de Pasquale}, M. and {Sonbas}, E. and {Im}, M. and
	{Park}, W.-K. and {Kann}, D.~A. and {Guziy}, S. and {Garc{\'{\i}}a}, L.~H. and
	{Llorente}, A. and {Bundy}, K. and {Choi}, C. and {Jeong}, H. and
	{Korhonen}, H. and {Kub{\`a}nek}, P. and {Lim}, J. and {Moskvitin}, A. and
	{Mu{\~n}oz-Darias}, T. and {Pak}, S. and {Parrish}, I.},
    title = "{The unusual {$\gamma$}-ray burst GRB 101225A from a helium star/neutron star merger at redshift 0.33}",
  journal = {\nat},
archivePrefix = "arXiv",
   eprint = {1105.3015},
 primaryClass = "astro-ph.HE",
     year = 2011,
    month = dec,
   volume = 480,
    pages = {72-74},
      doi = {10.1038/nature10611},
   adsurl = {http://adsabs.harvard.edu/abs/2011Natur.480...72T},
  adsnote = {Provided by the SAO/NASA Astrophysics Data System}
}

@ARTICLE{2011Sci...333..199L,
   author = {{Levan}, A.~J. and {Tanvir}, N.~R. and {Cenko}, S.~B. and {Perley}, D.~A. and
	{Wiersema}, K. and {Bloom}, J.~S. and {Fruchter}, A.~S. and
	{Postigo}, A.~d.~U. and {O'Brien}, P.~T. and {Butler}, N. and
	{van der Horst}, A.~J. and {Leloudas}, G. and {Morgan}, A.~N. and
	{Misra}, K. and {Bower}, G.~C. and {Farihi}, J. and {Tunnicliffe}, R.~L. and
	{Modjaz}, M. and {Silverman}, J.~M. and {Hjorth}, J. and {Th{\"o}ne}, C. and
	{Cucchiara}, A. and {Cer{\'o}n}, J.~M.~C. and {Castro-Tirado}, A.~J. and
	{Arnold}, J.~A. and {Bremer}, M. and {Brodie}, J.~P. and {Carroll}, T. and
	{Cooper}, M.~C. and {Curran}, P.~A. and {Cutri}, R.~M. and {Ehle}, J. and
	{Forbes}, D. and {Fynbo}, J. and {Gorosabel}, J. and {Graham}, J. and
	{Hoffman}, D.~I. and {Guziy}, S. and {Jakobsson}, P. and {Kamble}, A. and
	{Kerr}, T. and {Kasliwal}, M.~M. and {Kouveliotou}, C. and {Kocevski}, D. and
	{Law}, N.~M. and {Nugent}, P.~E. and {Ofek}, E.~O. and {Poznanski}, D. and
	{Quimby}, R.~M. and {Rol}, E. and {Romanowsky}, A.~J. and {S{\'a}nchez-Ram{\'{\i}}rez}, R. and
	{Schulze}, S. and {Singh}, N. and {van Spaandonk}, L. and {Starling}, R.~L.~C. and
	{Strom}, R.~G. and {Tello}, J.~C. and {Vaduvescu}, O. and {Wheatley}, P.~J. and
	{Wijers}, R.~A.~M.~J. and {Winters}, J.~M. and {Xu}, D.},
    title = "{An Extremely Luminous Panchromatic Outburst from the Nucleus of a Distant Galaxy}",
  journal = {Science},
archivePrefix = "arXiv",
   eprint = {1104.3356},
 primaryClass = "astro-ph.HE",
     year = 2011,
    month = jul,
   volume = 333,
    pages = {199},
      doi = {10.1126/science.1207143},
   adsurl = {http://adsabs.harvard.edu/abs/2011Sci...333..199L},
  adsnote = {Provided by the SAO/NASA Astrophysics Data System}
}

@ARTICLE{2011Natur.476..421B,
   author = {{Burrows}, D.~N. and {Kennea}, J.~A. and {Ghisellini}, G. and
	{Mangano}, V. and {Zhang}, B. and {Page}, K.~L. and {Eracleous}, M. and
	{Romano}, P. and {Sakamoto}, T. and {Falcone}, A.~D. and {Osborne}, J.~P. and
	{Campana}, S. and {Beardmore}, A.~P. and {Breeveld}, A.~A. and
	{Chester}, M.~M. and {Corbet}, R. and {Covino}, S. and {Cummings}, J.~R. and
	{D'Avanzo}, P. and {D'Elia}, V. and {Esposito}, P. and {Evans}, P.~A. and
	{Fugazza}, D. and {Gelbord}, J.~M. and {Hiroi}, K. and {Holland}, S.~T. and
	{Huang}, K.~Y. and {Im}, M. and {Israel}, G. and {Jeon}, Y. and
	{Jeon}, Y.-B. and {Jun}, H.~D. and {Kawai}, N. and {Kim}, J.~H. and
	{Krimm}, H.~A. and {Marshall}, F.~E. and {P.~M{\'e}sz{\'a}ros} and
	{Negoro}, H. and {Omodei}, N. and {Park}, W.-K. and {Perkins}, J.~S. and
	{Sugizaki}, M. and {Sung}, H.-I. and {Tagliaferri}, G. and {Troja}, E. and
	{Ueda}, Y. and {Urata}, Y. and {Usui}, R. and {Antonelli}, L.~A. and
	{Barthelmy}, S.~D. and {Cusumano}, G. and {Giommi}, P. and {Melandri}, A. and
	{Perri}, M. and {Racusin}, J.~L. and {Sbarufatti}, B. and {Siegel}, M.~H. and
	{Gehrels}, N.},
    title = "{Relativistic jet activity from the tidal disruption of a star by a massive black hole}",
  journal = {\nat},
archivePrefix = "arXiv",
   eprint = {1104.4787},
 primaryClass = "astro-ph.HE",
     year = 2011,
    month = aug,
   volume = 476,
    pages = {421-424},
      doi = {10.1038/nature10374},
   adsurl = {http://adsabs.harvard.edu/abs/2011Natur.476..421B},
  adsnote = {Provided by the SAO/NASA Astrophysics Data System}
}

@ARTICLE{2012MNRAS.425.2668C,
   author = {{Coward}, D.~M. and {Howell}, E.~J. and {Piran}, T. and {Stratta}, G. and
	{Branchesi}, M. and {Bromberg}, O. and {Gendre}, B. and {Burman}, R.~R. and
	{Guetta}, D.},
    title = "{The Swift short gamma-ray burst rate density: implications for binary neutron star merger rates}",
  journal = {\mnras},
archivePrefix = "arXiv",
   eprint = {1202.2179},
 keywords = {gravitational waves, techniques: miscellaneous, gamma-ray burst: individual, stars: neutron},
     year = 2012,
    month = oct,
   volume = 425,
    pages = {2668-2673},
      doi = {10.1111/j.1365-2966.2012.21604.x},
   adsurl = {http://adsabs.harvard.edu/abs/2012MNRAS.425.2668C},
  adsnote = {Provided by the SAO/NASA Astrophysics Data System}
}

@ARTICLE{2014ApJ...787...66Z,
   author = {{Zhang}, B.-B. and {Zhang}, B. and {Murase}, K. and {Connaughton}, V. and
	{Briggs}, M.~S.},
    title = "{How Long does a Burst Burst?}",
  journal = {\apj},
archivePrefix = "arXiv",
   eprint = {1310.2540},
 primaryClass = "astro-ph.HE",
 keywords = {gamma-ray burst: general},
     year = 2014,
    month = may,
   volume = 787,
      eid = {66},
    pages = {66},
      doi = {10.1088/0004-637X/787/1/66},
   adsurl = {http://adsabs.harvard.edu/abs/2014ApJ...787...66Z},
  adsnote = {Provided by the SAO/NASA Astrophysics Data System}
}

@ARTICLE{2011Sci...333..203B,
   author = {{Bloom}, J.~S. and {Giannios}, D. and {Metzger}, B.~D. and {Cenko}, S.~B. and
	{Perley}, D.~A. and {Butler}, N.~R. and {Tanvir}, N.~R. and
	{Levan}, A.~J. and {O'Brien}, P.~T. and {Strubbe}, L.~E. and
	{De Colle}, F. and {Ramirez-Ruiz}, E. and {Lee}, W.~H. and {Nayakshin}, S. and
	{Quataert}, E. and {King}, A.~R. and {Cucchiara}, A. and {Guillochon}, J. and
	{Bower}, G.~C. and {Fruchter}, A.~S. and {Morgan}, A.~N. and
	{van der Horst}, A.~J.},
    title = "{A Possible Relativistic Jetted Outburst from a Massive Black Hole Fed by a Tidally Disrupted Star}",
  journal = {Science},
archivePrefix = "arXiv",
   eprint = {1104.3257},
 primaryClass = "astro-ph.HE",
     year = 2011,
    month = jul,
   volume = 333,
    pages = {203},
      doi = {10.1126/science.1207150},
   adsurl = {http://adsabs.harvard.edu/abs/2011Sci...333..203B},
  adsnote = {Provided by the SAO/NASA Astrophysics Data System}
}

@ARTICLE{2012ApJ...753...77C,
   author = {{Cenko}, S.~B. and {Krimm}, H.~A. and {Horesh}, A. and {Rau}, A. and
	{Frail}, D.~A. and {Kennea}, J.~A. and {Levan}, A.~J. and {Holland}, S.~T. and
	{Butler}, N.~R. and {Quimby}, R.~M. and {Bloom}, J.~S. and {Filippenko}, A.~V. and
	{Gal-Yam}, A. and {Greiner}, J. and {Kulkarni}, S.~R. and {Ofek}, E.~O. and
	{Olivares E.}, F. and {Schady}, P. and {Silverman}, J.~M. and
	{Tanvir}, N.~R. and {Xu}, D.},
    title = "{Swift J2058.4+0516: Discovery of a Possible Second Relativistic Tidal Disruption Flare?}",
  journal = {\apj},
archivePrefix = "arXiv",
   eprint = {1107.5307},
 primaryClass = "astro-ph.HE",
 keywords = {accretion, accretion disks, black hole physics, galaxies: nuclei, X-rays: bursts, X-rays: individual: Sw J1644+57},
     year = 2012,
    month = jul,
   volume = 753,
      eid = {77},
    pages = {77},
      doi = {10.1088/0004-637X/753/1/77},
   adsurl = {http://adsabs.harvard.edu/abs/2012ApJ...753...77C},
  adsnote = {Provided by the SAO/NASA Astrophysics Data System}
}

@ARTICLE{2015MNRAS.452.4297B,
   author = {{Brown}, G.~C. and {Levan}, A.~J. and {Stanway}, E.~R. and {Tanvir}, N.~R. and
	{Cenko}, S.~B. and {Berger}, E. and {Chornock}, R. and {Cucchiaria}, A.
	},
    title = "{Swift J1112.2-8238: a candidate relativistic tidal disruption flare}",
  journal = {\mnras},
archivePrefix = "arXiv",
   eprint = {1507.03582},
 primaryClass = "astro-ph.HE",
 keywords = {galaxies: nuclei, gamma-rays: galaxies},
     year = 2015,
    month = oct,
   volume = 452,
    pages = {4297-4306},
      doi = {10.1093/mnras/stv1520},
   adsurl = {http://adsabs.harvard.edu/abs/2015MNRAS.452.4297B},
  adsnote = {Provided by the SAO/NASA Astrophysics Data System}
}

@ARTICLE{2016ApJ...819...51L,
   author = {{Levan}, A.~J. and {Tanvir}, N.~R. and {Brown}, G.~C. and {Metzger}, B.~D. and
	{Page}, K.~L. and {Cenko}, S.~B. and {O'Brien}, P.~T. and {Lyman}, J.~D. and
	{Wiersema}, K. and {Stanway}, E.~R. and {Fruchter}, A.~S. and
	{Perley}, D.~A. and {Bloom}, J.~S.},
    title = "{Late Time Multi-wavelength Observations of Swift J1644+5734: A Luminous Optical/IR Bump and Quiescent X-Ray Emission}",
  journal = {\apj},
archivePrefix = "arXiv",
   eprint = {1509.08945},
 primaryClass = "astro-ph.HE",
 keywords = {galaxies: active, galaxies: jets, supernovae: general},
     year = 2016,
    month = mar,
   volume = 819,
      eid = {51},
    pages = {51},
      doi = {10.3847/0004-637X/819/1/51},
   adsurl = {http://adsabs.harvard.edu/abs/2016ApJ...819...51L},
  adsnote = {Provided by the SAO/NASA Astrophysics Data System}
}

@ARTICLE{2013ApJ...771..136L,
   author = {{Levan}, A.~J. and {Read}, A.~M. and {Metzger}, B.~D. and {Wheatley}, P.~J. and
	{Tanvir}, N.~R.},
    title = "{Superluminous X-Rays from a Superluminous Supernova}",
  journal = {\apj},
archivePrefix = "arXiv",
   eprint = {1304.1173},
 primaryClass = "astro-ph.HE",
 keywords = {supernovae: general, supernovae: individual: SCP06F6, X-rays: general},
     year = 2013,
    month = jul,
   volume = 771,
      eid = {136},
    pages = {136},
      doi = {10.1088/0004-637X/771/2/136},
   adsurl = {http://adsabs.harvard.edu/abs/2013ApJ...771..136L},
  adsnote = {Provided by the SAO/NASA Astrophysics Data System}
}

@ARTICLE{2000AJ....120.1579Y,
   author = {{York}, D.~G. and {Adelman}, J. and {Anderson}, Jr., J.~E. and
	{Anderson}, S.~F. and {Annis}, J. and {Bahcall}, N.~A. and {Bakken}, J.~A. and
	{Barkhouser}, R. and {Bastian}, S. and {Berman}, E. and {Boroski}, W.~N. and
	{Bracker}, S. and {Briegel}, C. and {Briggs}, J.~W. and {Brinkmann}, J. and
	{Brunner}, R. and {Burles}, S. and {Carey}, L. and {Carr}, M.~A. and
	{Castander}, F.~J. and {Chen}, B. and {Colestock}, P.~L. and
	{Connolly}, A.~J. and {Crocker}, J.~H. and {Csabai}, I. and
	{Czarapata}, P.~C. and {Davis}, J.~E. and {Doi}, M. and {Dombeck}, T. and
	{Eisenstein}, D. and {Ellman}, N. and {Elms}, B.~R. and {Evans}, M.~L. and
	{Fan}, X. and {Federwitz}, G.~R. and {Fiscelli}, L. and {Friedman}, S. and
	{Frieman}, J.~A. and {Fukugita}, M. and {Gillespie}, B. and
	{Gunn}, J.~E. and {Gurbani}, V.~K. and {de Haas}, E. and {Haldeman}, M. and
	{Harris}, F.~H. and {Hayes}, J. and {Heckman}, T.~M. and {Hennessy}, G.~S. and
	{Hindsley}, R.~B. and {Holm}, S. and {Holmgren}, D.~J. and {Huang}, C.-h. and
	{Hull}, C. and {Husby}, D. and {Ichikawa}, S.-I. and {Ichikawa}, T. and
	{Ivezi{\'c}}, {\v Z}. and {Kent}, S. and {Kim}, R.~S.~J. and
	{Kinney}, E. and {Klaene}, M. and {Kleinman}, A.~N. and {Kleinman}, S. and
	{Knapp}, G.~R. and {Korienek}, J. and {Kron}, R.~G. and {Kunszt}, P.~Z. and
	{Lamb}, D.~Q. and {Lee}, B. and {Leger}, R.~F. and {Limmongkol}, S. and
	{Lindenmeyer}, C. and {Long}, D.~C. and {Loomis}, C. and {Loveday}, J. and
	{Lucinio}, R. and {Lupton}, R.~H. and {MacKinnon}, B. and {Mannery}, E.~J. and
	{Mantsch}, P.~M. and {Margon}, B. and {McGehee}, P. and {McKay}, T.~A. and
	{Meiksin}, A. and {Merelli}, A. and {Monet}, D.~G. and {Munn}, J.~A. and
	{Narayanan}, V.~K. and {Nash}, T. and {Neilsen}, E. and {Neswold}, R. and
	{Newberg}, H.~J. and {Nichol}, R.~C. and {Nicinski}, T. and
	{Nonino}, M. and {Okada}, N. and {Okamura}, S. and {Ostriker}, J.~P. and
	{Owen}, R. and {Pauls}, A.~G. and {Peoples}, J. and {Peterson}, R.~L. and
	{Petravick}, D. and {Pier}, J.~R. and {Pope}, A. and {Pordes}, R. and
	{Prosapio}, A. and {Rechenmacher}, R. and {Quinn}, T.~R. and
	{Richards}, G.~T. and {Richmond}, M.~W. and {Rivetta}, C.~H. and
	{Rockosi}, C.~M. and {Ruthmansdorfer}, K. and {Sandford}, D. and
	{Schlegel}, D.~J. and {Schneider}, D.~P. and {Sekiguchi}, M. and
	{Sergey}, G. and {Shimasaku}, K. and {Siegmund}, W.~A. and {Smee}, S. and
	{Smith}, J.~A. and {Snedden}, S. and {Stone}, R. and {Stoughton}, C. and
	{Strauss}, M.~A. and {Stubbs}, C. and {SubbaRao}, M. and {Szalay}, A.~S. and
	{Szapudi}, I. and {Szokoly}, G.~P. and {Thakar}, A.~R. and {Tremonti}, C. and
	{Tucker}, D.~L. and {Uomoto}, A. and {Vanden Berk}, D. and {Vogeley}, M.~S. and
	{Waddell}, P. and {Wang}, S.-i. and {Watanabe}, M. and {Weinberg}, D.~H. and
	{Yanny}, B. and {Yasuda}, N. and {SDSS Collaboration}},
    title = "{The Sloan Digital Sky Survey: Technical Summary}",
  journal = {\aj},
   eprint = {astro-ph/0006396},
 keywords = {Cosmology: Observations, Instrumentation: Miscellaneous},
     year = 2000,
    month = sep,
   volume = 120,
    pages = {1579-1587},
      doi = {10.1086/301513},
   adsurl = {http://adsabs.harvard.edu/abs/2000AJ....120.1579Y},
  adsnote = {Provided by the SAO/NASA Astrophysics Data System}
}

@ARTICLE{2016ApJ...819...35A,
   author = {{Arcavi}, I. and {Wolf}, W.~M. and {Howell}, D.~A. and {Bildsten}, L. and
	{Leloudas}, G. and {Hardin}, D. and {Prajs}, S. and {Perley}, D.~A. and
	{Svirski}, G. and {Gal-Yam}, A. and {Katz}, B. and {McCully}, C. and
	{Cenko}, S.~B. and {Lidman}, C. and {Sullivan}, M. and {Valenti}, S. and
	{Astier}, P. and {Balland}, C. and {Carlberg}, R.~G. and {Conley}, A. and
	{Fouchez}, D. and {Guy}, J. and {Pain}, R. and {Palanque-Delabrouille}, N. and
	{Perrett}, K. and {Pritchet}, C.~J. and {Regnault}, N. and {Rich}, J. and
	{Ruhlmann-Kleider}, V.},
    title = "{Rapidly Rising Transients in the Supernova{\mdash}Superluminous Supernova Gap}",
  journal = {\apj},
archivePrefix = "arXiv",
   eprint = {1511.00704},
 keywords = {supernovae: individual: PTF10iam, SNLS04D4ec, SNLS05D2bk, SNLS06D1hc, Dougie},
     year = 2016,
    month = mar,
   volume = 819,
      eid = {35},
    pages = {35},
      doi = {10.3847/0004-637X/819/1/35},
   adsurl = {http://adsabs.harvard.edu/abs/2016ApJ...819...35A},
  adsnote = {Provided by the SAO/NASA Astrophysics Data System}
}

@ARTICLE{2016arXiv160504925C,
   author = {{Chen}, T.-W. and {Smartt}, S.~J. and {Yates}, R.~M. and {Nicholl}, M. and
	{Kr{\"u}hler}, T. and {Schady}, P. and {Dennefeld}, M. and {Inserra}, C.
	},
    title = "{A sub-solar metallicity is required for superluminous supernova progenitors}",
  journal = {ArXiv e-prints},
archivePrefix = "arXiv",
   eprint = {1605.04925},
 keywords = {Astrophysics - Astrophysics of Galaxies},
     year = 2016,
    month = may,
   adsurl = {http://adsabs.harvard.edu/abs/2016arXiv160504925C},
  adsnote = {Provided by the SAO/NASA Astrophysics Data System}
}

@ARTICLE{2014MNRAS.441..289B,
   author = {{Benetti}, S. and {Nicholl}, M. and {Cappellaro}, E. and {Pastorello}, A. and
	{Smartt}, S.~J. and {Elias-Rosa}, N. and {Drake}, A.~J. and
	{Tomasella}, L. and {Turatto}, M. and {Harutyunyan}, A. and
	{Taubenberger}, S. and {Hachinger}, S. and {Morales-Garoffolo}, A. and
	{Chen}, T.-W. and {Djorgovski}, S.~G. and {Fraser}, M. and {Gal-Yam}, A. and
	{Inserra}, C. and {Mazzali}, P. and {Pumo}, M.~L. and {Sollerman}, J. and
	{Valenti}, S. and {Young}, D.~R. and {Dennefeld}, M. and {Le Guillou}, L. and
	{Fleury}, M. and {L{\'e}get}, P.-F.},
    title = "{The supernova CSS121015:004244+132827: a clue for understanding superluminous supernovae}",
  journal = {\mnras},
archivePrefix = "arXiv",
   eprint = {1310.1311},
 primaryClass = "astro-ph.SR",
 keywords = {supernovae: general, supernovae: individual: CSS121015:004244+132827},
     year = 2014,
    month = jun,
   volume = 441,
    pages = {289-303},
      doi = {10.1093/mnras/stu538},
   adsurl = {http://adsabs.harvard.edu/abs/2014MNRAS.441..289B},
  adsnote = {Provided by the SAO/NASA Astrophysics Data System}
}

@ARTICLE{2004ApJ...611.1005G,
   author = {{Gehrels}, N. and {Chincarini}, G. and {Giommi}, P. and {Mason}, K.~O. and
	{Nousek}, J.~A. and {Wells}, A.~A. and {White}, N.~E. and {Barthelmy}, S.~D. and
	{Burrows}, D.~N. and {Cominsky}, L.~R. and {Hurley}, K.~C. and
	{Marshall}, F.~E. and {M{\'e}sz{\'a}ros}, P. and {Roming}, P.~W.~A. and
	{Angelini}, L. and {Barbier}, L.~M. and {Belloni}, T. and {Campana}, S. and
	{Caraveo}, P.~A. and {Chester}, M.~M. and {Citterio}, O. and
	{Cline}, T.~L. and {Cropper}, M.~S. and {Cummings}, J.~R. and
	{Dean}, A.~J. and {Feigelson}, E.~D. and {Fenimore}, E.~E. and
	{Frail}, D.~A. and {Fruchter}, A.~S. and {Garmire}, G.~P. and
	{Gendreau}, K. and {Ghisellini}, G. and {Greiner}, J. and {Hill}, J.~E. and
	{Hunsberger}, S.~D. and {Krimm}, H.~A. and {Kulkarni}, S.~R. and
	{Kumar}, P. and {Lebrun}, F. and {Lloyd-Ronning}, N.~M. and
	{Markwardt}, C.~B. and {Mattson}, B.~J. and {Mushotzky}, R.~F. and
	{Norris}, J.~P. and {Osborne}, J. and {Paczynski}, B. and {Palmer}, D.~M. and
	{Park}, H.-S. and {Parsons}, A.~M. and {Paul}, J. and {Rees}, M.~J. and
	{Reynolds}, C.~S. and {Rhoads}, J.~E. and {Sasseen}, T.~P. and
	{Schaefer}, B.~E. and {Short}, A.~T. and {Smale}, A.~P. and
	{Smith}, I.~A. and {Stella}, L. and {Tagliaferri}, G. and {Takahashi}, T. and
	{Tashiro}, M. and {Townsley}, L.~K. and {Tueller}, J. and {Turner}, M.~J.~L. and
	{Vietri}, M. and {Voges}, W. and {Ward}, M.~J. and {Willingale}, R. and
	{Zerbi}, F.~M. and {Zhang}, W.~W.},
    title = "{The Swift Gamma-Ray Burst Mission}",
  journal = {\apj},
 keywords = {Gamma Rays: Bursts, Space Vehicles: Instruments, Telescopes},
     year = 2004,
    month = aug,
   volume = 611,
    pages = {1005-1020},
      doi = {10.1086/422091},
   adsurl = {http://adsabs.harvard.edu/abs/2004ApJ...611.1005G},
  adsnote = {Provided by the SAO/NASA Astrophysics Data System}
}

@ARTICLE{2006A&A...447..897J,
   author = {{Jakobsson}, P. and {Levan}, A. and {Fynbo}, J.~P.~U. and {Priddey}, R. and
	{Hjorth}, J. and {Tanvir}, N. and {Watson}, D. and {Jensen}, B.~L. and
	{Sollerman}, J. and {Natarajan}, P. and {Gorosabel}, J. and
	{Castro Cer{\'o}n}, J.~M. and {Pedersen}, K. and {Pursimo}, T. and
	{{\'A}rnad{\'o}ttir}, A.~S. and {Castro-Tirado}, A.~J. and {Davis}, C.~J. and
	{Deeg}, H.~J. and {Fiuza}, D.~A. and {Mikolaitis}, S. and {Sousa}, S.~G.
	},
    title = "{A mean redshift of 2.8 for Swift gamma-ray bursts}",
  journal = {\aap},
   eprint = {astro-ph/0509888},
 keywords = {cosmology: observations, dust, extinction, early Universe, galaxies: high-redshift, gamma rays: bursts},
     year = 2006,
    month = mar,
   volume = 447,
    pages = {897-903},
      doi = {10.1051/0004-6361:20054287},
   adsurl = {http://adsabs.harvard.edu/abs/2006A%26A...447..897J},
  adsnote = {Provided by the SAO/NASA Astrophysics Data System}
}

@ARTICLE{2012ApJ...752...62J,
   author = {{Jakobsson}, P. and {Hjorth}, J. and {Malesani}, D. and {Chapman}, R. and
	{Fynbo}, J.~P.~U. and {Tanvir}, N.~R. and {Milvang-Jensen}, B. and
	{Vreeswijk}, P.~M. and {Letawe}, G. and {Starling}, R.~L.~C.
	},
    title = "{The Optically Unbiased GRB Host (TOUGH) Survey. III. Redshift Distribution}",
  journal = {\apj},
archivePrefix = "arXiv",
   eprint = {1205.3490},
 primaryClass = "astro-ph.CO",
 keywords = {dust, extinction, galaxies: distances and redshifts, gamma-ray burst: general},
     year = 2012,
    month = jun,
   volume = 752,
      eid = {62},
    pages = {62},
      doi = {10.1088/0004-637X/752/1/62},
   adsurl = {http://adsabs.harvard.edu/abs/2012ApJ...752...62J},
  adsnote = {Provided by the SAO/NASA Astrophysics Data System}
}

@ARTICLE{2014MNRAS.444...15H,
   author = {{Howell}, E.~J. and {Coward}, D.~M. and {Stratta}, G. and {Gendre}, B. and
	{Zhou}, H.},
    title = "{Constraining the rate and luminosity function of Swift gamma-ray bursts}",
  journal = {\mnras},
archivePrefix = "arXiv",
   eprint = {1407.2333},
 primaryClass = "astro-ph.HE",
 keywords = {methods: data analysis, gamma-ray burst: general, supernovae: general, cosmology: miscellaneous},
     year = 2014,
    month = oct,
   volume = 444,
    pages = {15-28},
      doi = {10.1093/mnras/stu1403},
   adsurl = {http://adsabs.harvard.edu/abs/2014MNRAS.444...15H},
  adsnote = {Provided by the SAO/NASA Astrophysics Data System}
}

@ARTICLE{2016arXiv160401226I,
   author = {{Inserra}, C. and {Smartt}, S.~J. and {Gall}, E.~E.~E. and {Leloudas}, G. and
	{Chen}, T.-W. and {Schulze}, S. and {Jerkstarnd}, A. and {Nicholl}, M. and
	{Anderson}, J.~P. and {Arcavi}, I. and {Benetti}, S. and {Cartier}, R.~A. and
	{Childress}, M. and {Della Valle}, M. and {Flewelling}, H. and
	{Fraser}, M. and {Gal-Yam}, A. and {Gutierrez}, C.~P. and {Hosseinzadeh}, G. and
	{Howell}, D.~A. and {Huber}, M. and {Kankare}, E. and {Magnier}, E.~A. and
	{Maguire}, K. and {McCully}, C. and {Prajs}, S. and {Primak}, N. and
	{Scalzo}, R. and {Schmidt}, B.~P. and {Smith}, K.~W. and {Tucker}, B.~E. and
	{Valenti}, S. and {Wilman}, M. and {Young}, D.~R. and {Yuan}, F.
	},
    title = "{On the nature of Hydrogen-rich Superluminous Supernovae}",
  journal = {ArXiv e-prints},
archivePrefix = "arXiv",
   eprint = {1604.01226},
 primaryClass = "astro-ph.HE",
 keywords = {Astrophysics - High Energy Astrophysical Phenomena, Astrophysics - Cosmology and Nongalactic Astrophysics, Astrophysics - Solar and Stellar Astrophysics},
     year = 2016,
    month = apr,
   adsurl = {http://adsabs.harvard.edu/abs/2016arXiv160401226I},
  adsnote = {Provided by the SAO/NASA Astrophysics Data System}
}

