@inproceedings{Boulade2003a,
    title = {{MegaCam: the new Canada-France-Hawaii Telescope wide-field imaging camera}},
    year = {2003},
    booktitle = {Instrument Design and Performance for Optical/Infrared Ground-based Telescopes},
    author = {Boulade, O and Charlot, X and Abbon, P and Aune, S and Borgeaud, P and Carton, P.-H. and Carty, M and Da Costa, J and Deschamps, H and Desforge, D and Eppell{\'{e}}, D and Gallais, P and Gosset, L and Granelli, R and Gros, M and de Kat, J and Loiseau, D and Ritou, J.-. and Rouss{\'{e}}, J.~Y. and Starzynski, P and Vignal, N and Vigroux, L.~G.},
    editor = {Iye, M and Moorwood, A.~F.~M.},
    month = {3},
    pages = {72--81},
    series = {Society of Photo-Optical Instrumentation Engineers (SPIE) Conference Series},
    volume = {4841}
}

@article{Heymans2012,
    title = {{CFHTLenS: The Canada-France-Hawaii Telescope Lensing Survey}},
    year = {2012},
    journal = {Monthly Notices of the Royal Astronomical Society},
    author = {Heymans, Catherine and Van Waerbeke, Ludovic and Miller, Lance and Erben, Thomas and Hildebrandt, Hendrik and Hoekstra, Henk and Kitching, Thomas D. and Mellier, Yannick and Simon, Patrick and Bonnett, Christopher and Coupon, Jean and Fu, Liping and Harnois-D{\'{e}}raps, Joachim and Hudson, Michael J. and Kilbinger, Martin and Kuijken, Koenraad and Rowe, Barnaby and Schrabback, Tim and Semboloni, Elisabetta and van Uitert, Edo and Vafaei, Sanaz and Velander, Malin},
    number = {1},
    pages = {146--166},
    volume = {427},
    isbn = {0035-8711},
    doi = {10.1111/j.1365-2966.2012.21952.x},
    issn = {00358711},
    arxivId = {1210.0032},
    keywords = {Cosmology: observations, Gravitational lensing: weak}
}

@misc{Gwyn2012,
    title = {{The Canada-France-Hawaii telescope legacy survey: Stacked images and catalogs}},
    year = {2012},
    booktitle = {Astronomical Journal},
    author = {Gwyn, Stephen D J},
    number = {2},
    volume = {143},
    doi = {10.1088/0004-6256/143/2/38},
    issn = {00046256},
    arxivId = {1101.1084},
    keywords = {astrometry, surveys, techniques: image processing, techniques: photometric}
}

@article{Bazin2011,
    title = {{Photometric selection of Type Ia supernovae in the Supernova Legacy Survey}},
    year = {2011},
    journal = {Astronomy {\&} Astrophysics},
    author = {Bazin, G. and Ruhlmann-Kleider, V. and Palanque-Delabrouille, N. and Rich, J. and Aubourg, E. and Astier, P. and Balland, C. and Basa, S. and Carlberg, R. G. and Conley, A. and Fouchez, D. and Guy, J. and Hardin, D. and Hook, I. M. and Howell, D. A. and Pain, R. and Perrett, K. and Pritchet, C. J. and Regnault, N. and Sullivan, M. and Fourmanoit, N. and Gonz{\'{a}}lez-Gait{\'{a}}n, S. and Lidman, C. and Perlmutter, S. and Ripoche, P. and Walker, E. S.},
    pages = {A43},
    volume = {534},
    url = {http://www.aanda.org/10.1051/0004-6361/201116898},
    isbn = {0004-6361},
    doi = {10.1051/0004-6361/201116898},
    issn = {0004-6361},
    arxivId = {1109.0948}
}

@article{Abbott2016TheOverview,
    title = {{The Dark Energy Survey: more than dark energy â€“ an overview}},
    year = {2016},
    journal = {MNRAS},
    author = {Abbott, T and Abdalla, F B and Aleksi, J and Allam, S and Amara, A and Bacon, D and Balbinot, E and Banerji, M and Bechtol, K and Doel, P and Drlica-Wagner, A and Estrada, J and Etherington, J and Evrard, A E and Fabbri, J and Finley, D A and Flaugher, B and Foley, R J and Goldstein, D A and Guarnieri, P and Gutierrez, G and Hartley, W and Honscheid, K and Morice-Atkinson, X and Naidoo, K and Neilsen, E and Nichol, R C and Nord, B and Ogando, R and Smith, C and Soares-Santos, M and Sobreira, F and Soumagnac, M and Suchyta, E and Sullivan, M and Swanson, M and Tarle, G and Thaler, J and Thomas, D and Thomas, R C and Tucker, D and Vieira, J D and Wester, W and Whiteway, L and Wilcox, H and Yanny, B and Zhang, Y and Zuntz, J},
    pages = {1270--1299},
    volume = {460},
    url = {https://oup.silverchair-cdn.com/oup/backfile/Content_public/Journal/mnras/460/2/10.1093_mnras_stw641/2/stw641.pdf?Expires=1496779098&Signature=ahdGkx1~Gf7my7os3c1Cpv2RRze7B3z8iHwimg~4vv3lW1zUETfcN0NX4rwpthOKR1LuSRjmE7q1ubnnMauB9Eed4Y4wiKao1sanxZHEZZL8cr8Z},
    doi = {10.1093/mnras/stw641}
}

@article{Arcavi2016RAPIDLYGAP,
    title = {{RAPIDLY RISING TRANSIENTS in the SUPERNOVA - SUPERLUMINOUS SUPERNOVA GAP}},
    year = {2016},
    journal = {Astrophysical Journal},
    author = {Arcavi, I and Wolf, W M and Howell, D A and Bildsten, L and Leloudas, G and Hardin, D and Prajs, S and Perley, D A and Svirski, G and Gal-Yam, A and Katz, B and McCully, C and Cenko, S B and Lidman, C and Sullivan, M and Valenti, S and Astier, P and Balland, C and Carlberg, R G and Conley, A and Fouchez, D and Guy, J and Pain, R and Palanque-Delabrouille, N and Perrett, K and Pritchet, C J and Regnault, N and Rich, J and Ruhlmann-Kleider, V},
    number = {1},
    volume = {819},
    doi = {10.3847/0004-637X/819/1/35},
    issn = {15384357},
    keywords = {SNLS, SNLS04D4ec, SNLS05D2bk, individual (PTF10iam, machine-readable table, supernovae}
}

@article{Arnett1982TypeCurve,
    title = {{Type I supernovae. I - Analytic solutions for the early part of the light curve}},
    year = {1982},
    journal = {{\textbackslash}apj},
    author = {Arnett, W.~D.},
    month = {2},
    pages = {785--797},
    volume = {253},
    keywords = {Black Body Radiation, Gamma Rays, Light Curve, Nuclear Fusion, Photons, Radioactive Decay, Stellar Evolution, Stellar Luminosity, Stellar Models, Stellar Spectra, Stellar Temperature, Supernovae, Thermodynamics, Transparence}
}

@article{Aspvall1980KhachiyansAlgorithm,
    title = {{Khachiyan's linear programming algorithm}},
    year = {1980},
    journal = {Journal of Algorithms},
    author = {Aspvall, Bengt and Stone, Richard E},
    number = {1},
    pages = {1--13},
    volume = {1},
    issn = {0196-6774}
}

@article{Astier2013PhotometrySNLS,
    title = {{Photometry of supernovae in an image series: methods and application to the SuperNova Legacy Survey (SNLS)}},
    year = {2013},
    journal = {Astronomy {\&} Astrophysics},
    author = {Astier, P and El Hage, P and Guy, J and Hardin, D and Betoule, M and Fabbro, S and Fourmanoit, N and Pain, R and Regnault, N},
    pages = {A55},
    volume = {557},
    url = {http://adsabs.harvard.edu/abs/2013A%26A...557A..55A},
    doi = {10.1051/0004-6361/201321668},
    issn = {0004-6361},
    arxivId = {1306.5153},
    keywords = {astrometry, general, image processing, photometric, supernovae, techniques}
}

@article{Astier2005TheSet,
    title = {{The Supernova Legacy Survey: Measurement of Omega{\_}M, Omega{\_}Lambda and w from the First Year Data Set}},
    year = {2005},
    author = {Astier, P and Guy, J and Regnault, N and Pain, R and Aubourg, E and Balam, D and Basa, S and Carlberg, R G and Fabbro, S and Fouchez, D and Hook, I M and Howell, D a. and Lafoux, H and Neill, J D and Palanque-Delabrouille, N and Perrett, K and Pritchet, C J and Rich, J and Sullivan, M and Taillet, R and Aldering, G and Antilogus, P and Arsenijevic, V and Balland, C and Baumont, S and Bronder, J and Courtois, H and Ellis, R S and Filiol, M and Goncalves, a. C and Goobar, a. and Guide, D and Hardin, D and Lusset, V and Lidman, C and McMahon, R and Mouchet, M and Mourao, a. and Perlmutter, S and Ripoche, P and Tao, C and Walton, N},
    pages = {24},
    url = {http://arxiv.org/abs/astro-ph/0510447},
    doi = {10.1051/0004-6361:20054185},
    issn = {0004-6361},
    arxivId = {0510447},
    keywords = {astier, fr, general - cosmology, in2p3, observations, requests to, send o ff print, supernovae}
}

@article{Atek2014HubbleUniverse,
    title = {{Hubble Space Telescope Grism Spectroscopy of Extreme Starbursts Across Cosmic Time: the Role of Dwarf Galaxies in the Star Formation History of the Universe}},
    year = {2014},
    journal = {The Astrophysical Journal},
    author = {Atek, Hakim and Kneib, Jean-Paul and Pacifici, Camilla and Malkan, Matthew and Charlot, Stephane and Lee, Janice and Bedregal, Alejandro and Bunker, Andrew J and Colbert, James W and Dressler, Alan and Hathi, Nimish and Lehnert, Matthew and Martin, Crystal L and McCarthy, Patrick and Rafelski, Marc and Ross, Nathaniel and Siana, Brian and Teplitz, Harry I},
    pages = {96},
    volume = {789},
    url = {http://adsabs.harvard.edu/abs/2014ApJ...789...96A},
    doi = {10.1088/0004-637X/789/2/96},
    issn = {0004-637X},
    arxivId = {1406.4132},
    keywords = {cosmology: observations, galaxies: evolution, galaxies: statistics, infrared: galaxies, surveys}
}

@article{Atek2014HubbleUniverseb,
    title = {{Hubble Space Telescope Grism Spectroscopy of Extreme Starbursts Across Cosmic Time: the Role of Dwarf Galaxies in the Star Formation History of the Universe}},
    year = {2014},
    journal = {The Astrophysical Journal},
    author = {Atek, Hakim and Kneib, Jean-Paul and Pacifici, Camilla and Malkan, Matthew and Charlot, Stephane and Lee, Janice and Bedregal, Alejandro and Bunker, Andrew J and Colbert, James W and Dressler, Alan and Hathi, Nimish and Lehnert, Matthew and Martin, Crystal L and McCarthy, Patrick and Rafelski, Marc and Ross, Nathaniel and Siana, Brian and Teplitz, Harry I},
    pages = {96},
    volume = {789},
    url = {http://adsabs.harvard.edu/abs/2014ApJ...789...96A},
    doi = {10.1088/0004-637X/789/2/96},
    issn = {0004-637X},
    arxivId = {1406.4132},
    keywords = {cosmology: observations, galaxies: evolution, galaxies: statistics, infrared: galaxies, surveys}
}

@article{Baklanov2015HydrogenlessEnvelope,
    title = {{Hydrogenless superluminous supernova PTF12dam in the model of an explosion inside an extended envelope}},
    year = {2015},
    journal = {Astronomy Letters},
    author = {Baklanov, P V and Sorokina, E I and Blinnikov, S I},
    number = {3-4},
    pages = {95--103},
    volume = {41},
    url = {http://link.springer.com/10.1134/S1063773715040027},
    doi = {10.1134/S1063773715040027},
    issn = {1063-7737},
    arxivId = {1505.05372}
}

@article{Baltay2013TheSurvey,
    title = {{The La Silla-QUEST Low Redshift Supernova Survey}},
    year = {2013},
    journal = {{\textbackslash}pasp},
    author = {Baltay, C and Rabinowitz, D and Hadjiyska, E and Walker, E.~S. and Nugent, P and Coppi, P and Ellman, N and Feindt, U and McKinnon, R and Horowitz, B and Effron, A},
    month = {6},
    pages = {683--694},
    volume = {125},
    keywords = {Astronomical Instrumentation}
}

@article{Barbary2009DiscoveryTelescope,
    title = {{Discovery of an Unusual Optical Transient with the Hubble Space Telescope}},
    year = {2009},
    journal = {{\textbackslash}apj},
    author = {Barbary, K and Dawson, K.~S. and Tokita, K and Aldering, G and Amanullah, R and Connolly, N.~V. and Doi, M and Faccioli, L and Fadeyev, V and Fruchter, A.~S. and Goldhaber, G and Goobar, A and Gude, A and Huang, X and Ihara, Y and Konishi, K and Kowalski, M and Lidman, C and Meyers, J and Morokuma, T and Nugent, P and Perlmutter, S and Rubin, D and Schlegel, D and Spadafora, A.~L. and Suzuki, N and Swift, H.~K. and Takanashi, N and Thomas, R.~C. and Yasuda, N},
    month = {1},
    pages = {1358--1362},
    volume = {690},
    doi = {10.1088/0004-637X/690/2/1358},
    arxivId = {0809.1648},
    keywords = {stars: variables: other}
}

@article{Benetti2014TheSupernovae,
    title = {{The supernova CSS121015:004244+132827: a clue for understanding superluminous supernovae}},
    year = {2014},
    journal = {{\textbackslash}mnras},
    author = {Benetti, S and Nicholl, M and Cappellaro, E and Pastorello, A and Smartt, S.~J. and Elias-Rosa, N and Drake, A.~J. and Tomasella, L and Turatto, M and Harutyunyan, A and Taubenberger, S and Hachinger, S and Morales-Garoffolo, A and Chen, T.-W. and Djorgovski, S.~G. and Fraser, M and Gal-Yam, A and Inserra, C and Mazzali, P and Pumo, M.~L. and Sollerman, J and Valenti, S and Young, D.~R. and Dennefeld, M and Le Guillou, L and Fleury, M and L{\'{e}}get, P.-F.},
    month = {6},
    pages = {289--303},
    volume = {441},
    arxivId = {1310.1311},
    keywords = {supernovae: general, supernovae: individual: CSS121015:004244+132827}
}

@article{Berger2012UltraluminousGalaxies,
    title = {{Ultraluminous Supernovae As a New Probe of the Interstellar Medium in Distant Galaxies}},
    year = {2012},
    journal = {The Astrophysical Journal},
    author = {Berger, E and Chornock, R and Lunnan, R and Foley, R and Czekala, I and Rest, a. and Leibler, C and Soderberg, a. M and Roth, K and Narayan, G and Huber, M E and Milisavljevic, D and Sanders, N E and Drout, M and Margutti, R and Kirshner, R P and Marion, G H and Challis, P J and Riess, a. G and Smartt, S J and Burgett, W S and Hodapp, K W and Heasley, J N and Kaiser, N and Kudritzki, R.-P. and Magnier, E a. and McCrum, M and Price, P a. and Smith, K and Tonry, J L and Wainscoat, R J},
    pages = {L29},
    volume = {755},
    url = {http://arxiv.org/abs/1206.4050},
    doi = {10.1088/2041-8205/755/2/L29},
    issn = {2041-8205},
    arxivId = {1206.4050}
}

@article{Bernstein2012SUPERNOVASURVEY,
    title = {{SUPERNOVA SIMULATIONS AND STRATEGIES FOR THE DARK ENERGY SURVEY}},
    year = {2012},
    journal = {The Astrophysical Journal},
    author = {Bernstein, J P and Kessler, R and Kuhlmann, S and Biswas, R and Kovacs, E and Aldering, G and Crane, I and D'Andrea, C B and Finley, D A and Frieman, J A and Hufford, T and Jarvis, M J and Kim, A G and Marriner, J and Mukherjee, P and Nichol, R C and Nugent, P and Parkinson, D and Reis, R R R and Sako, M and Spinka, H and Sullivan, M},
    number = {2},
    pages = {152},
    volume = {753},
    url = {http://stacks.iop.org/0004-637X/753/i=2/a=152?key=crossref.85ed0cb77b12341fbab1bfd28d43be37},
    doi = {10.1088/0004-637X/753/2/152},
    issn = {0004-637X},
    arxivId = {1111.1969}
}

@article{Blanton2007K-CorrectionsNear-Infrared,
    title = {{K-Corrections and Filter Transformations in the Ultraviolet, Optical, and Near-Infrared}},
    year = {2007},
    journal = {{\textbackslash}aj},
    author = {Blanton, M.~R. and Roweis, S},
    month = {2},
    pages = {734--754},
    volume = {133},
    doi = {10.1086/510127},
    keywords = {galaxies: fundamental parameters, galaxies: photometry, galaxies: statistics}
}

@article{Bloom2011AStar,
    title = {{A Possible Relativistic Jetted Outburst from a Massive Black Hole Fed by a Tidally Disrupted Star}},
    year = {2011},
    journal = {Science},
    author = {Bloom, J.~S. and Giannios, D and Metzger, B.~D. and Cenko, S.~B. and Perley, D.~A. and Butler, N.~R. and Tanvir, N.~R. and Levan, A.~J. and O'Brien, P.~T. and Strubbe, L.~E. and De Colle, F and Ramirez-Ruiz, E and Lee, W.~H. and Nayakshin, S and Quataert, E and King, A.~R. and Cucchiara, A and Guillochon, J and Bower, G.~C. and Fruchter, A.~S. and Morgan, A.~N. and van der Horst, A.~J.},
    month = {7},
    pages = {203},
    volume = {333},
    doi = {10.1126/science.1207150},
    arxivId = {1104.3257}
}

@article{Brown2015SwiftFlare,
    title = {{Swift J1112.2-8238: a candidate relativistic tidal disruption flare}},
    year = {2015},
    journal = {{\textbackslash}mnras},
    author = {Brown, G.~C. and Levan, A.~J. and Stanway, E.~R. and Tanvir, N.~R. and Cenko, S.~B. and Berger, E and Chornock, R and Cucchiaria, A},
    month = {10},
    pages = {4297--4306},
    volume = {452},
    doi = {10.1093/mnras/stv1520},
    arxivId = {1507.03582},
    keywords = {galaxies: nuclei, gamma-rays: galaxies}
}

@article{Brown2015UltravioletASASSN-15lh,
    title = {{Ultraviolet Rebrightening of Superluminous Supernova ASASSN-15lh}},
    year = {2015},
    journal = {The Astronomer's Telegram},
    author = {Brown, Peter J},
    volume = {8086},
    url = {http://adsabs.harvard.edu/abs/2015ATel.8086....1B}
}

@article{Burrows2011RelativisticHole,
    title = {{Relativistic jet activity from the tidal disruption of a star by a massive black hole}},
    year = {2011},
    journal = {{\textbackslash}nat},
    author = {Burrows, D.~N. and Kennea, J.~A. and Ghisellini, G and Mangano, V and Zhang, B and Page, K.~L. and Eracleous, M and Romano, P and Sakamoto, T and Falcone, A.~D. and Osborne, J.~P. and Campana, S and Beardmore, A.~P. and Breeveld, A.~A. and Chester, M.~M. and Corbet, R and Covino, S and Cummings, J.~R. and D'Avanzo, P and D'Elia, V and Esposito, P and Evans, P.~A. and Fugazza, D and Gelbord, J.~M. and Hiroi, K and Holland, S.~T. and Huang, K.~Y. and Im, M and Israel, G and Jeon, Y and Jeon, Y.-B. and Jun, H.~D. and Kawai, N and Kim, J.~H. and Krimm, H.~A. and Marshall, F.~E. and {P.{\~{}}M{\'{e}}sz{\'{a}}ros} and Negoro, H and Omodei, N and Park, W.-K. and Perkins, J.~S. and Sugizaki, M and Sung, H.-I. and Tagliaferri, G and Troja, E and Ueda, Y and Urata, Y and Usui, R and Antonelli, L.~A. and Barthelmy, S.~D. and Cusumano, G and Giommi, P and Melandri, A and Perri, M and Racusin, J.~L. and Sbarufatti, B and Siegel, M.~H. and Gehrels, N},
    month = {8},
    pages = {421--424},
    volume = {476},
    doi = {10.1038/nature10374},
    arxivId = {1104.4787}
}

@article{Campbell2013COSMOLOGYSURVEY,
    title = {{COSMOLOGY WITH PHOTOMETRICALLY CLASSIFIED TYPE Ia SUPERNOVAE FROM THE SDSS-II SUPERNOVA SURVEY}},
    year = {2013},
    journal = {The Astrophysical Journal},
    author = {Campbell, Heather and D 'andrea, Chris B and Nichol, Robert C and Sako, Masao and Smith, Mathew and Lampeitl, Hubert and Olmstead, Matthew D and Bassett, Bruce and Biswas, Rahul and Brown, Peter and Cinabro, David and Dawson, Kyle S and Kuhlmann, Steve and Kunz, Martin and Zhao, Bo},
    number = {76328pp},
    volume = {763},
    url = {http://iopscience.iop.org/article/10.1088/0004-637X/763/2/88/pdf},
    doi = {10.1088/0004-637X/763/2/88},
    keywords = {cosmology, general â€“ surveys, observations â€“ distance scale â€“ supernovae}
}

@article{Cao2015ASupernova,
    title = {{A strong ultraviolet pulse from a newborn type Ia supernova}},
    year = {2015},
    journal = {Nature},
    author = {Cao, Yi and Kulkarni, S R and Howell, D Andrew and Gal-Yam, Avishay and Kasliwal, Mansi M and Valenti, Stefano and Johansson, J and Amanullah, R and Goobar, a. and Sollerman, J and Taddia, F and Horesh, Assaf and Sagiv, Ilan and Cenko, S Bradley and Nugent, Peter E and Arcavi, Iair and Surace, Jason and Wo{\'{z}}niak, P R and Moody, Daniela I and Rebbapragada, Umaa D and Bue, Brian D and Gehrels, Neil},
    number = {7552},
    pages = {328--331},
    volume = {521},
    url = {http://www.nature.com/doifinder/10.1038/nature14440},
    doi = {10.1038/nature14440},
    issn = {0028-0836}
}

@article{Cartier2017Early2015F,
    title = {{Early observations of the nearby Type Ia supernova SN 2015F}},
    year = {2017},
    journal = {Monthly Notices of the Royal Astronomical Society},
    author = {Cartier, R and Sullivan, M and Firth, R E and Pignata, G and Mazzali, P and Maguire, K and Childress, M J and Arcavi, I and Ashall, C and Bassett, B and Crawford, S M and Frohmaier, C and Galbany, L and Gal-Yam, A and Hosseinzadeh, G and Howell, D A and Inserra, C and Johansson, J and Kasai, E K and McCully, C and Prajs, S and Prentice, S and Schulze, S and Smartt, S J and Smith, K W and Smith, M and Valenti, S and Young, D R},
    number = {4},
    month = {2},
    pages = {4476--4494},
    volume = {464},
    url = {https://academic.oup.com/mnras/article-lookup/doi/10.1093/mnras/stw2678},
    doi = {10.1093/mnras/stw2678},
    issn = {0035-8711},
    keywords = {Supernovae: general, Supernovae: individual: (SN 2015F)}
}

@article{Cenko2012SwiftFlare,
    title = {{Swift J2058.4+0516: Discovery of a Possible Second Relativistic Tidal Disruption Flare?}},
    year = {2012},
    journal = {{\textbackslash}apj},
    author = {Cenko, S.~B. and Krimm, H.~A. and Horesh, A and Rau, A and Frail, D.~A. and Kennea, J.~A. and Levan, A.~J. and Holland, S.~T. and Butler, N.~R. and Quimby, R.~M. and Bloom, J.~S. and Filippenko, A.~V. and Gal-Yam, A and Greiner, J and Kulkarni, S.~R. and Ofek, E.~O. and Olivares E., F and Schady, P and Silverman, J.~M. and Tanvir, N.~R. and Xu, D},
    month = {7},
    pages = {77},
    volume = {753},
    doi = {10.1088/0004-637X/753/1/77},
    arxivId = {1107.5307},
    keywords = {X-rays: bursts, X-rays: individual: Sw J1644+57, accretion, accretion disks, black hole physics, galaxies: nuclei}
}

@article{Charnock2017DeepClassification,
    title = {{Deep Recurrent Neural Networks for Supernovae Classification}},
    year = {2017},
    journal = {The Astrophysical Journal},
    author = {Charnock, Tom and Moss, Adam},
    number = {2},
    month = {3},
    pages = {L28},
    volume = {837},
    url = {http://iopscience.iop.org/article/10.3847/2041-8213/aa603d/pdf http://stacks.iop.org/2041-8205/837/i=2/a=L28?key=crossref.388bd920b1f2254a71d451bb3caa5e4d},
    doi = {10.3847/2041-8213/aa603d},
    issn = {2041-8213},
    keywords = {methods: data analysis, supernovae: general, techniques: miscellaneous}
}

@article{ChatzopoulosGeneralizedCurves,
    title = {{Generalized Semi â€“ Analytical Models of Supernova Light Curves}},
    author = {Chatzopoulos, E},
    pages = {1--48},
    arxivId = {arXiv:1111.5237v1}
}

@article{Chatzopoulos2013AnalyticalFits,
    title = {{Analytical Light Curve Models of Superluminous Supernovae: {$\chi$}2-minimization of Parameter Fits}},
    year = {2013},
    journal = {The Astrophysical Journal},
    author = {Chatzopoulos, E and Wheeler, J Craig and Vinko, J and Horvath, Z L and Nagy, a.},
    pages = {76},
    volume = {773},
    url = {http://adsabs.harvard.edu/abs/2013ApJ...773...76C%5Cnhttp://adsabs.harvard.edu/cgi-bin/nph-data_query?bibcode=2013ApJ...773...76C&link_type=ARTICLE},
    doi = {10.1088/0004-637X/773/1/76;},
    issn = {0004-637X},
    arxivId = {arXiv:1306.3447v3}
}

@article{Chen2013TheProduction,
    title = {{The Host Galaxy of the Super-luminous SN 2010gx and Limits on Explosive {\^{}}56{\$}Ni Production}},
    year = {2013},
    journal = {{\textbackslash}apjl},
    author = {Chen, T.-W. and Smartt, S.~J. and Bresolin, F and Pastorello, A and Kudritzki, R.-P. and Kotak, R and McCrum, M and Fraser, M and Valenti, S},
    month = {2},
    pages = {L28},
    volume = {763},
    doi = {10.1088/2041-8205/763/2/L28},
    arxivId = {1210.4027},
    keywords = {supernovae: general, supernovae: individual: SN 2010gx}
}

@article{Chen2015ThePTF12dam,
    title = {{The host galaxy and late-time evolution of the superluminous supernova PTF12dam}},
    year = {2015},
    journal = {{\textbackslash}mnras},
    author = {Chen, T.-W. and Smartt, S.~J. and Jerkstrand, A and Nicholl, M and Bresolin, F and Kotak, R and Polshaw, J and Rest, A and Kudritzki, R and Zheng, Z and Elias-Rosa, N and Smith, K and Inserra, C and Wright, D and Kankare, E and Kangas, T and Fraser, M},
    month = {9},
    pages = {1567--1586},
    volume = {452},
    arxivId = {1409.7728},
    keywords = {galaxies: abundances, galaxies: dwarf, supernovae: general, supernovae: individual: PTF12dam}
}

@article{Chen2016AProgenitors,
    title = {{A sub-solar metallicity is required for superluminous supernova progenitors}},
    year = {2016},
    journal = {ArXiv e-prints},
    author = {Chen, T.-W. and Smartt, S.~J. and Yates, R.~M. and Nicholl, M and Kr{\"{u}}hler, T and Schady, P and Dennefeld, M and Inserra, C},
    month = {5},
    arxivId = {1605.04925},
    keywords = {Astrophysics - Astrophysics of Galaxies}
}

@article{Chevalier2011ShockSupernovae,
    title = {{Shock Breakout in Dense Mass Loss: Luminous Supernovae}},
    year = {2011},
    journal = {{\textbackslash}apjl},
    author = {Chevalier, R.~A. and Irwin, C.~M.},
    month = {3},
    pages = {L6},
    volume = {729},
    arxivId = {1101.1111},
    keywords = {circumstellar matter, shock waves, supernovae: general, supernovae: individual: SN 2006gy}
}

@article{Chomiuk2011Pan-STARRS10.9,
    title = {{Pan-STARRS1 Discovery of Two Ultraluminous Supernovae at z {\}} 0.9}},
    year = {2011},
    journal = {{\textbackslash}apj},
    author = {Chomiuk, L and Chornock, R and Soderberg, A.~M. and Berger, E and Chevalier, R.~A. and Foley, R.~J. and Huber, M.~E. and Narayan, G and Rest, A and Gezari, S and Kirshner, R.~P. and Riess, A and Rodney, S.~A. and Smartt, S.~J. and Stubbs, C.~W. and Tonry, J.~L. and Wood-Vasey, W.~M. and Burgett, W.~S. and Chambers, K.~C. and Czekala, I and Flewelling, H and Forster, K and Kaiser, N and Kudritzki, R.-P. and Magnier, E.~A. and Martin, D.~C. and Morgan, J.~S. and Neill, J.~D. and Price, P.~A. and Roth, K.~C. and Sanders, N.~E. and Wainscoat, R.~J.},
    month = {12},
    pages = {114},
    volume = {743},
    arxivId = {1107.3552},
    keywords = {circumstellar matter, stars: magnetars, supernovae: general, supernovae: individual: PS1-10ky PS1-10awh}
}

@article{Chornock2013PS1-10afxSupernova,
    title = {{PS1-10afx at z = 1.388: Pan-STARRS1 Discovery of a New Type of Superluminous Supernova}},
    year = {2013},
    journal = {{\textbackslash}apj},
    author = {Chornock, R and Berger, E and Rest, A and Milisavljevic, D and Lunnan, R and Foley, R.~J. and Soderberg, A.~M. and Smartt, S.~J. and Burgasser, A.~J. and Challis, P and Chomiuk, L and Czekala, I and Drout, M and Fong, W and Huber, M.~E. and Kirshner, R.~P. and Leibler, C and McLeod, B and Marion, G.~H. and Narayan, G and Riess, A.~G. and Roth, K.~C. and Sanders, N.~E. and Scolnic, D and Smith, K and Stubbs, C.~W. and Tonry, J.~L. and Valenti, S and Burgett, W.~S. and Chambers, K.~C. and Hodapp, K.~W. and Kaiser, N and Kudritzki, R.-P. and Magnier, E.~A. and Price, P.~A.},
    month = {4},
    pages = {162},
    volume = {767},
    arxivId = {1302.0009},
    keywords = {supernovae: individual: PS1-10afx, surveys}
}

@article{Chornock2013PS1-10afxSupernovab,
    title = {{PS1-10afx at z=1.388: Pan-STARRS1 Discovery of a New Type of Superluminous Supernova}},
    year = {2013},
    journal = {The Astrophysical Journal},
    author = {Chornock, Ryan and Berger, E and Rest, a and Milisavljevic, D and Lunnan, R and Foley, Ryan J and Soderberg, a M and Smartt, S J and Burgasser, a J and Challis, P and Chomiuk, L and Czekala, I and Drout, M and Fong, W and Huber, M E and Kirshner, R P and Leibler, C and McLeod, B and Marion, G H and Narayan, G and Riess, a G and Roth, K C and Sanders, N E and Scolnic, D and Smith, K and Stubbs, C W and Tonry, J L and Valenti, S and Burgett, W S and Chambers, K C and Hodapp, K W and Kaiser, N and Kudritzki, R -P. and Price, P a},
    pages = {17},
    volume = {submitted},
    url = {http://arxiv.org/abs/1302.0009},
    doi = {10.1088/0004-637X/767/2/162},
    arxivId = {1302.0009}
}

@article{Cooke2012Superluminous3.90.,
    title = {{Superluminous supernovae at redshifts of 2.05 and 3.90.}},
    year = {2012},
    journal = {Nature},
    author = {Cooke, J and Sullivan, M and Gal-Yam, a. and Barton, E J and Carlberg, R G and Ryan-Weber, E V and Horst, C and Omori, Y and D{\'{i}}az, C G},
    number = {7423},
    pages = {228--231},
    volume = {491},
    url = {http://www.ncbi.nlm.nih.gov/pubmed/23123848},
    doi = {10.1038/nature11521},
    issn = {1476-4687},
    pmid = {23123848},
    arxivId = {1211.2003}
}

@article{Coward2012TheRates,
    title = {{The Swift short gamma-ray burst rate density: implications for binary neutron star merger rates}},
    year = {2012},
    journal = {{\textbackslash}mnras},
    author = {Coward, D.~M. and Howell, E.~J. and Piran, T and Stratta, G and Branchesi, M and Bromberg, O and Gendre, B and Burman, R.~R. and Guetta, D},
    month = {10},
    pages = {2668--2673},
    volume = {425},
    doi = {10.1111/j.1365-2966.2012.21604.x},
    arxivId = {1202.2179},
    keywords = {gamma-ray burst: individual, gravitational waves, stars: neutron, techniques: miscellaneous}
}

@article{Dahlen2012TheZ1,
    title = {{The Extended Hubble Space Telescope Supernova Survey: The Rate of Core Collapse Supernovae to z{\~{}}1}},
    year = {2012},
    journal = {The Astrophysical Journal},
    author = {Dahlen, Tomas and Strolger, Louis-gregory and Riess, Adam G and Mattila, Seppo and Kankare, Erkki and Mobasher, Bahram},
    number = {1},
    pages = {70},
    volume = {757},
    url = {http://stacks.iop.org/0004-637X/757/i=1/a=70?key=crossref.b3deb74a1bd64bed3011756aa6a00ce1%255Cnhttp://arxiv.org/abs/1208.0342v2},
    doi = {10.1088/0004-637X/757/1/70},
    issn = {0004-637X},
    arxivId = {1208.0342}
}

@article{Dessart2012SuperluminousRadiation,
    title = {{Superluminous supernovae: {\^{}}56{\$}Ni power versus magnetar radiation}},
    year = {2012},
    journal = {{\textbackslash}mnras},
    author = {Dessart, L and Hillier, D.~J. and Waldman, R and Livne, E and Blondin, S},
    month = {10},
    pages = {L76â€“L80},
    volume = {426},
    arxivId = {1208.1214},
    keywords = {PTF 09atu, radiative transfer, stars: evolution, stars: magnetars, supernovae: general, supernovae: individual: SN2007bi}
}

@article{Dong2015ASASSN-15lh:Discovered,
    title = {{ASASSN-15lh: The Most Luminous Supernova Ever Discovered}},
    year = {2015},
    author = {Dong, Subo and Shappee, B J and Prieto, J L and Jha, S W and Stanek, K Z and Holoien, T W -S. and Kochanek, C S and Thompson, T a. and Morrell, N and Thompson, I B and Basu, U and Beacom, J F and Bersier, D and Brimacombe, J and Brown, J S and Chen, Ping and Conseil, E and Danilet, a. B and Falco, E and Grupe, D and Kiyota, S and Masi, G and Nicholls, B and Olivares, F and Pignata, G and Pojmanski, G and Simonian, G V and Szczygiel, D M and Wozniak, P R},
    pages = {1--13},
    url = {http://arxiv.org/abs/1507.03010},
    arxivId = {1507.03010}
}

@article{Drake2011TheCSS100217:102913+404220,
    title = {{The Discovery and Nature of the Optical Transient CSS100217:102913+404220}},
    year = {2011},
    journal = {{\textbackslash}apj},
    author = {Drake, A.~J. and Djorgovski, S.~G. and Mahabal, A and Anderson, J and Roy, R and Mohan, V and Ravindranath, S and Frail, D and Gezari, S and Neill, J.~D. and Ho, L.~C. and Prieto, J.~L. and Thompson, D and Thorstensen, J and Wagner, M and Kowalski, R and Chiang, J and Grove, J.~E. and Schinzel, F.~K. and Wood, D.~L. and Carrasco, L and Recillas, E and Kewley, L and Archana, K.~N. and Basu, A and Wadadekar, Y and Kumar, B and Myers, A.~D. and Phinney, E.~S. and Williams, R and Graham, M.~J. and Catelan, M and Beshore, E and Larson, S and Christensen, E},
    month = {7},
    pages = {106},
    volume = {735},
    arxivId = {1103.5514},
    keywords = {galaxies: active, galaxies: nuclei, galaxies: stellar content, supernovae: general}
}

@article{Drake2009FirstSurvey,
    title = {{First Results from the Catalina Real-Time Transient Survey}},
    year = {2009},
    journal = {{\textbackslash}apj},
    author = {Drake, A.~J. and Djorgovski, S.~G. and Mahabal, A and Beshore, E and Larson, S and Graham, M.~J. and Williams, R and Christensen, E and Catelan, M and Boattini, A and Gibbs, A and Hill, R and Kowalski, R},
    month = {5},
    pages = {870--884},
    volume = {696},
    arxivId = {0809.1394},
    keywords = {BL Lacertae objects: general, cataclysmic variables, galaxies: general, novae, stars: flare, supernovae: general}
}

@article{Ellis2008VerifyingSpectra,
    title = {{Verifying the Cosmological Utility of Type Ia Supernovae: Implications of a Dispersion in the Ultraviolet Spectra}},
    year = {2008},
    journal = {{\textbackslash}apj},
    author = {Ellis, R.~S. and Sullivan, M and Nugent, P.~E. and Howell, D.~A. and Gal-Yam, A and Astier, P and Balam, D and Balland, C and Basa, S and Carlberg, R.~G. and Conley, A and Fouchez, D and Guy, J and Hardin, D and Hook, I and Pain, R and Perrett, K and Pritchet, C.~J. and Regnault, N},
    month = {2},
    pages = {51--69},
    volume = {674},
    doi = {10.1086/524981},
    arxivId = {0710.3896},
    keywords = {Cosmology: Cosmological Parameters, Stars: Supernovae: General, Surveys}
}

@phdthesis{Fakhouri2013SupernovaMeasurements,
    title = {{Supernova Ia Spectra and Spectrophotometric Time Series: Recognizing Twins and the Consequences for Cosmological Distance Measurements}},
    year = {2013},
    author = {Fakhouri, H.~K.},
    school = {University of California, Berkeley}
}

@article{Feroz2008MultimodalAnalyses,
    title = {{Multimodal nested sampling: an efficient and robust alternative to Markov Chain Monte Carlo methods for astronomical data analyses}},
    year = {2008},
    journal = {{\textbackslash}mnras},
    author = {Feroz, F and Hobson, M.~P.},
    month = {2},
    pages = {449--463},
    volume = {384},
    arxivId = {0704.3704},
    keywords = {methods: data analysis, methods: statistical}
}

@article{Feroz2013ImportanceAlgorithm,
    title = {{Importance Nested Sampling and the MultiNest Algorithm}},
    year = {2013},
    journal = {ArXiv e-prints},
    author = {Feroz, F and Hobson, M.~P. and Cameron, E and Pettitt, A.~N.},
    month = {6},
    arxivId = {1306.2144},
    keywords = {Astrophysics - Instrumentation and Methods for Ast, Physics - Data Analysis, Statistics - Computation, Statistics and Probability}
}

@article{Firth2015TheSupernovae,
    title = {{The rising light curves of Type Ia supernovae}},
    year = {2015},
    journal = {{\textbackslash}mnras},
    author = {Firth, R.~E. and Sullivan, M and Gal-Yam, A and Howell, D.~A. and Maguire, K and Nugent, P and Piro, A.~L. and Baltay, C and Feindt, U and Hadjiyksta, E and McKinnon, R and Ofek, E and Rabinowitz, D and Walker, E.~S.},
    month = {2},
    pages = {3895--3910},
    volume = {446},
    arxivId = {1411.1064},
    keywords = {supernovae: general}
}

@article{Flaugher2005TheSurvey,
    title = {{The Dark Energy Survey}},
    year = {2005},
    journal = {International Journal of Modern Physics A},
    author = {Flaugher, B},
    pages = {3121--3123},
    volume = {20},
    keywords = {Dark energy, galaxies, supernovae}
}

@article{Gal-Yam2012LuminousSupernovae,
    title = {{Luminous Supernovae}},
    year = {2012},
    journal = {Science},
    author = {Gal-Yam, A},
    month = {8},
    pages = {927},
    volume = {337},
    arxivId = {1208.3217}
}

@article{Gal-Yam2009SupernovaExplosion,
    title = {{Supernova 2007bi as a pair-instability explosion}},
    year = {2009},
    journal = {{\textbackslash}nat},
    author = {Gal-Yam, A and Mazzali, P and Ofek, E.~O. and Nugent, P.~E. and Kulkarni, S.~R. and Kasliwal, M.~M. and Quimby, R.~M. and Filippenko, A.~V. and Cenko, S.~B. and Chornock, R and Waldman, R and Kasen, D and Sullivan, M and Beshore, E.~C. and Drake, A.~J. and Thomas, R.~C. and Bloom, J.~S. and Poznanski, D and Miller, A.~A. and Foley, R.~J. and Silverman, J.~M. and Arcavi, I and Ellis, R.~S. and Deng, J},
    month = {12},
    pages = {624--627},
    volume = {462},
    arxivId = {1001.1156}
}

@article{Garn2010PredictingGalaxy,
    title = {{Predicting dust extinction from the stellar mass of a galaxy}},
    year = {2010},
    journal = {{\textbackslash}mnras},
    author = {Garn, T and Best, P.~N.},
    month = {11},
    pages = {421--432},
    volume = {409},
    doi = {10.1111/j.1365-2966.2010.17321.x},
    arxivId = {1007.1145},
    keywords = {dust, extinction, galaxies: ISM, galaxies: evolution, galaxies: high-redshift}
}

@article{Gehrels2004TheMission,
    title = {{The Swift Gamma-Ray Burst Mission}},
    year = {2004},
    journal = {{\textbackslash}apj},
    author = {Gehrels, N and Chincarini, G and Giommi, P and Mason, K.~O. and Nousek, J.~A. and Wells, A.~A. and White, N.~E. and Barthelmy, S.~D. and Burrows, D.~N. and Cominsky, L.~R. and Hurley, K.~C. and Marshall, F.~E. and M{\'{e}}sz{\'{a}}ros, P and Roming, P.~W.~A. and Angelini, L and Barbier, L.~M. and Belloni, T and Campana, S and Caraveo, P.~A. and Chester, M.~M. and Citterio, O and Cline, T.~L. and Cropper, M.~S. and Cummings, J.~R. and Dean, A.~J. and Feigelson, E.~D. and Fenimore, E.~E. and Frail, D.~A. and Fruchter, A.~S. and Garmire, G.~P. and Gendreau, K and Ghisellini, G and Greiner, J and Hill, J.~E. and Hunsberger, S.~D. and Krimm, H.~A. and Kulkarni, S.~R. and Kumar, P and Lebrun, F and Lloyd-Ronning, N.~M. and Markwardt, C.~B. and Mattson, B.~J. and Mushotzky, R.~F. and Norris, J.~P. and Osborne, J and Paczynski, B and Palmer, D.~M. and Park, H.-S. and Parsons, A.~M. and Paul, J and Rees, M.~J. and Reynolds, C.~S. and Rhoads, J.~E. and Sasseen, T.~P. and Schaefer, B.~E. and Short, A.~T. and Smale, A.~P. and Smith, I.~A. and Stella, L and Tagliaferri, G and Takahashi, T and Tashiro, M and Townsley, L.~K. and Tueller, J and Turner, M.~J.~L. and Vietri, M and Voges, W and Ward, M.~J. and Willingale, R and Zerbi, F.~M. and Zhang, W.~W.},
    month = {8},
    pages = {1005--1020},
    volume = {611},
    doi = {10.1086/422091},
    keywords = {Gamma Rays: Bursts, Space Vehicles: Instruments, Telescopes}
}

@article{Gendre2013TheSupergiant,
    title = {{The Ultra-long Gamma-Ray Burst 111209A: The Collapse of a Blue Supergiant?}},
    year = {2013},
    journal = {{\textbackslash}apj},
    author = {Gendre, B and Stratta, G and Atteia, J.~L. and Basa, S and Bo{\"{e}}r, M and Coward, D.~M. and Cutini, S and D'Elia, V and Howell, E.~J. and Klotz, A and Piro, L},
    month = {3},
    pages = {30},
    volume = {766},
    doi = {10.1088/0004-637X/766/1/30},
    arxivId = {1212.2392},
    keywords = {gamma-ray burst: individual: GRB111209A}
}

@article{Ginzburg2012SuperluminousWind,
    title = {{Superluminous Light Curves from Supernovae Exploding in a Dense Wind}},
    year = {2012},
    journal = {{\textbackslash}apj},
    author = {Ginzburg, S and Balberg, S},
    month = {10},
    pages = {178},
    volume = {757},
    arxivId = {1205.3455},
    keywords = {circumstellar matter, shock waves, supernovae: general, supernovae: individual: SN 2005ap SN 2006gy SN 20}
}

@article{Gordon2003ACurves,
    title = {{A Quantitative Comparison of the Small Magellanic Cloud, Large Magellanic Cloud, and Milky Way Ultraviolet to Near-Infrared Extinction Curves}},
    year = {2003},
    journal = {{\textbackslash}apj},
    author = {Gordon, K.~D. and Clayton, G.~C. and Misselt, K.~A. and Landolt, A.~U. and Wolff, M.~J.},
    month = {9},
    pages = {279--293},
    volume = {594},
    doi = {10.1086/376774},
    keywords = {Extinction, Galaxies: ISM, Galaxies: Magellanic Clouds, ISM: Dust, Ultraviolet: ISM}
}

@article{Greiner2015ABurst,
    title = {{A very luminous magnetar-powered supernova associated with an ultra-long {$\gamma$}-ray burst}},
    year = {2015},
    journal = {Nature},
    author = {Greiner, Jochen and Mazzali, Paolo a. and Kann, D Alexander and Kr{\"{u}}hler, Thomas and Pian, Elena and Prentice, Simon and Olivares E., Felipe and Rossi, Andrea and Klose, Sylvio and Taubenberger, Stefan and Knust, Fabian and Afonso, Paulo M J and Ashall, Chris and Bolmer, Jan and Delvaux, Corentin and Diehl, Rol and Elliott, Jonathan and Filgas, Robert and Fynbo, Johan P U and Graham, John F and Guelbenzu, Ana Nicuesa and Kobayashi, Shiho and Leloudas, Giorgos and Savaglio, Sandra and Schady, Patricia and Schmidl, Sebastian and Schweyer, Tassilo and Sudilovsky, Vladimir and Tanga, Mohit and Updike, Adria C and van Eerten, Hendrik and Varela, Karla},
    number = {7559},
    pages = {189--192},
    volume = {523},
    url = {http://www.nature.com/doifinder/10.1038/nature14579},
    doi = {10.1038/nature14579},
    issn = {0028-0836}
}

@article{Guy2010TheConstraints,
    title = {{The Supernova Legacy Survey 3-year sample: Type Ia Supernovae photometric distances and cosmological constraints}},
    year = {2010},
    author = {Guy, J and Sullivan, M and Conley, a. and Regnault, N and Astier, P and Balland, C and Basa, S and Carlberg, R G and Fouchez, D and Hardin, D and Hook, I M and Howell, D a. and Pain, R and Palanque-Delabrouille, N and Perrett, K M and Pritchet, C J and Rich, J and Ruhlmann-Kleider, V and Balam, D and Baumont, S and Ellis, R S and Fabbro, S and Fakhouri, H K and Fourmanoit, N and Gonzalez-Gaitan, S and Graham, M L and Hsiao, E and Kronborg, T and Lidman, C and Mourao, a. M and Perlmutter, S and Ripoche, P and Suzuki, N and Walker, E S},
    pages = {40},
    volume = {7},
    url = {http://arxiv.org/abs/1010.4743},
    doi = {10.1051/0004-6361/201014468},
    issn = {0004-6361},
    arxivId = {1010.4743},
    keywords = {a, and cea, at the canada-france-, based on observations obtained, cfht, cosmology, dapnia, general, hawaii telescope, joint project of cfht, megacam, observations, supernovae, the national research, which is operated by, with megaprime}
}

@article{Ho2017Ejector103,
    title = {{Ejector and propeller spin-down: how might a superluminous supernova millisecond magnetar become the 6.67Â h pulsar in RCW 103}},
    year = {2017},
    journal = {Monthly Notices of the Royal Astronomical Society: Letters},
    author = {Ho, Wynn C G and Andersson, Nils},
    number = {1},
    pages = {L65â€“L69},
    volume = {464},
    url = {https://academic.oup.com/mnrasl/article-lookup/doi/10.1093/mnrasl/slw186},
    doi = {10.1093/mnrasl/slw186},
    issn = {1745-3925},
    arxivId = {1608.03149}
}

@article{Holtzman2009TheData,
    title = {{The Sloan Digital Sky Survey-II: Photometry and Supernova Ia Light Curves from the 2005 data}},
    year = {2009},
    author = {Holtzman, Jon a. and Marriner, John and Kessler, Richard and Sako, Masao and Dilday, Ben and Frieman, Joshua a. and Schneider, Donald P and Bassett, Bruce and Becker, Andrew and Cinabro, David and DeJongh, Fritz and Depoy, Darren L and Doi, Mamoru and Garnavich, Peter M and Hogan, Craig J and Jha, Saurabh and Konishi, Kohki and Lampeitl, Hubert and Marshall, Jennifer L and McGinnis, David and Miknaitis, Gajus and Nichol, Robert C and Prieto, Jose Luis and Reiss, Adam G and Richmond, Michael W and Romani, Roger and Smith, Mathew and Takanashi, Naohiro and Tokita, Kouichi and van der Heyden, Kurt and Yasuda, Naoki and Zheng, Chen},
    pages = {2306--2320},
    url = {http://arxiv.org/abs/0908.4277},
    doi = {10.1088/0004-6256/136/6/2306},
    issn = {0004-6256},
    arxivId = {0908.4277},
    keywords = {color figures, data files, extended figure set, general, online-only material, photometric, supernovae, tar file, techniques}
}

@article{Hopkins2006OnHistory,
    title = {{On the normalisation of the cosmic star formation history}},
    year = {2006},
    author = {Hopkins, Andrew M and Beacom, John F},
    number = {3},
    pages = {15},
    url = {http://arxiv.org/abs/astro-ph/0601463},
    doi = {10.1086/506610},
    issn = {0004-637X},
    arxivId = {0601463}
}

@article{Howell2013TwoSurvey,
    title = {{Two Superluminous Supernovae From the Early Universe Discovered By the Supernova Legacy Survey}},
    year = {2013},
    journal = {The Astrophysical Journal},
    author = {Howell, D a. and Kasen, D and Lidman, C and Sullivan, M and Conley, a. and Astier, P and Balland, C and Carlberg, R G and Fouchez, D and Guy, J and Hardin, D and Pain, R and Palanque-Delabrouille, N and Perrett, K and Pritchet, C J and Regnault, N and Rich, J and Ruhlmann-Kleider, V},
    number = {2},
    pages = {98},
    volume = {779},
    url = {http://adsabs.harvard.edu/abs/2013ApJ...779...98H},
    doi = {10.1088/0004-637X/779/2/98},
    issn = {0004-637X},
    arxivId = {arXiv:1310.0470v1}
}

@article{Howell2013TwoSurveyb,
    title = {{Two Superluminous Supernovae from the Early Universe Discovered by the Supernova Legacy Survey}},
    year = {2013},
    journal = {{\textbackslash}apj},
    author = {Howell, D.~A. and Kasen, D and Lidman, C and Sullivan, M and Conley, A and Astier, P and Balland, C and Carlberg, R.~G. and Fouchez, D and Guy, J and Hardin, D and Pain, R and Palanque-Delabrouille, N and Perrett, K and Pritchet, C.~J. and Regnault, N and Rich, J and Ruhlmann-Kleider, V},
    month = {12},
    pages = {98},
    volume = {779},
    arxivId = {1310.0470},
    keywords = {supernovae: general}
}

@article{Howell2005GeminiClassification,
    title = {{Gemini Spectroscopy of Supernovae from the Supernova Legacy Survey: Improving High-Redshift Supernova Selection and Classification}},
    year = {2005},
    journal = {{\textbackslash}apj},
    author = {Howell, D.~A. and Sullivan, M and Perrett, K and Bronder, T.~J. and Hook, I.~M. and Astier, P and Aubourg, E and Balam, D and Basa, S and Carlberg, R.~G. and Fabbro, S and Fouchez, D and Guy, J and Lafoux, H and Neill, J.~D. and Pain, R and Palanque-Delabrouille, N and Pritchet, C.~J. and Regnault, N and Rich, J and Taillet, R and Knop, R and McMahon, R.~G. and Perlmutter, S and Walton, N.~A.},
    month = {12},
    pages = {1190--1201},
    volume = {634},
    keywords = {Cosmology: Observations, Methods: Data Analysis, Stars: Supernovae: General, Surveys, Techniques: Spectroscopic}
}

@article{Howell2014ConstrainingBursts,
    title = {{Constraining the rate and luminosity function of Swift gamma-ray bursts}},
    year = {2014},
    journal = {{\textbackslash}mnras},
    author = {Howell, E.~J. and Coward, D.~M. and Stratta, G and Gendre, B and Zhou, H},
    month = {10},
    pages = {15--28},
    volume = {444},
    doi = {10.1093/mnras/stu1403},
    arxivId = {1407.2333},
    keywords = {cosmology: miscellaneous, gamma-ray burst: general, methods: data analysis, supernovae: general}
}

@article{Inserra2014SuperProbes,
    title = {{Super luminous supernovae as standardizable candles and high redshift distance probes}},
    year = {2014},
    author = {Inserra, C and Smartt, S J},
    number = {2012},
    arxivId = {1409.4429}
}

@article{Inserra2014SuperluminousProbes,
    title = {{Superluminous Supernovae as Standardizable Candles and High-redshift Distance Probes}},
    year = {2014},
    journal = {{\textbackslash}apj},
    author = {Inserra, C and Smartt, S.~J.},
    month = {12},
    pages = {87},
    volume = {796},
    arxivId = {1409.4429},
    keywords = {distance scale, supernovae: general}
}

@article{Inserra2013Supernova2011kf,
    title = {{Supernova 2011kf}},
    year = {2013},
    journal = {Central Bureau Electronic Telegrams},
    author = {Inserra, C and Smartt, S.~J. and Fraser, M and Young, D and Smith, K and Wright, D and Kotak, R and McCrum, M and Magill, L and Chen, T.-W. and Pastorello, A and Benetti, S and Valenti, S and Bresolin, F and Kudritzki, R and Tonry, J and Magnier, E and Huber, M and Chambers, K and Kaiser, N and Morgan, J and Burgett, W and Heasley, J and Sweeney, W and Waters, C and Flewelling, H and Stubbs, C and Price, P.~A. and Sollerman, J and Taddia, F and Ergon, M and Leloudas, G and Taubenberger, S},
    month = {4},
    pages = {2},
    volume = {3463}
}

@article{Inserra2013Supernova2011ke,
    title = {{Supernova 2011ke}},
    year = {2013},
    journal = {Central Bureau Electronic Telegrams},
    author = {Inserra, C and Smartt, S.~J. and Fraser, M and Young, D and Smith, K and Wright, D and Kotak, R and McCrum, M and Magill, L and Chen, T.-W. and Pastorello, A and Benetti, S and Valenti, S and Bresolin, F and Kudritzki, R and Tonry, J and Magnier, E and Huber, M and Chambers, K and Kaiser, N and Morgan, J and Burgett, W and Heasley, J and Sweeney, W and Waters, C and Flewelling, H and Stubbs, C and Price, P.~A. and Sollerman, J and Taddia, F and Ergon, M and Leloudas, G and Taubenberger, S and Mahabal, A.~A.},
    month = {4},
    pages = {3},
    volume = {3467}
}

@article{Inserra2016SPECTROPOLARIMETRYGEOMETRY,
    title = {{SPECTROPOLARIMETRY OF SUPERLUMINOUS SUPERNOVAE: INSIGHT INTO THEIR GEOMETRY}},
    year = {2016},
    journal = {The Astrophysical Journal},
    author = {Inserra, C and Bulla, M and Sim, S A and Smartt, S J},
    number = {1},
    pages = {79},
    volume = {831},
    url = {http://stacks.iop.org/0004-637X/831/i=1/a=79?key=crossref.b6e7044ea3cb4a895e7432cfb0dd9238},
    doi = {10.3847/0004-637X/831/1/79},
    issn = {1538-4357},
    arxivId = {1607.02353}
}

@article{Inserra2013SUPER-LUMINOUSTAIL,
    title = {{SUPER-LUMINOUS TYPE Ic SUPERNOVAE: CATCHING A MAGNETAR BY THE TAIL}},
    year = {2013},
    journal = {The Astrophysical Journal},
    author = {Inserra, C and Smartt, S J and Jerkstrand, a. and Valenti, S and Fraser, M and Wright, D and Smith, K and Chen, T.-W. and Kotak, R and Pastorello, a. and Nicholl, M and Bresolin, F and Kudritzki, R P and Benetti, S and Botticella, M T and Burgett, W S and Chambers, K C and Ergon, M and Flewelling, H and Fynbo, J P U and Geier, S and Hodapp, K W and Howell, D a. and Huber, M and Kaiser, N and Leloudas, G and Magill, L and Magnier, E a. and McCrum, M G and Metcalfe, N and Price, P a. and Rest, a. and Sollerman, J and Sweeney, W and Taddia, F and Taubenberger, S and Tonry, J L and Wainscoat, R J and Waters, C and Young, D},
    number = {2012},
    pages = {128},
    volume = {770},
    url = {http://adsabs.harvard.edu/abs/2013ApJ...770..128I%5Cnhttp://adsabs.harvard.edu/cgi-bin/nph-data_query?bibcode=2013ApJ...770..128I&link_type=ARTICLE%5Cnhttp://stacks.iop.org/0004-637X/770/i=2/a=128?key=crossref.fbd227c5877707fcb1f6f7651b9ec1b2},
    doi = {10.1088/0004-637X/770/2/128},
    issn = {0004-637X},
    arxivId = {1304.3320},
    keywords = {color figures, first group which was, general, individual, magnetars, online-only material, ptf10hgi, ptf11rks, recognized was the luminous, sn 2011ke, sn 2011kf, sn 2012il, stars, supernovae, type iin}
}

@article{Jakobsson2012TheDistribution,
    title = {{The Optically Unbiased GRB Host (TOUGH) Survey. III. Redshift Distribution}},
    year = {2012},
    journal = {{\textbackslash}apj},
    author = {Jakobsson, P and Hjorth, J and Malesani, D and Chapman, R and Fynbo, J.~P.~U. and Tanvir, N.~R. and Milvang-Jensen, B and Vreeswijk, P.~M. and Letawe, G and Starling, R.~L.~C.},
    month = {6},
    pages = {62},
    volume = {752},
    doi = {10.1088/0004-637X/752/1/62},
    arxivId = {1205.3490},
    keywords = {dust, extinction, galaxies: distances and redshifts, gamma-ray burst: general}
}

@inproceedings{Kaiser2010TheSurvey,
    title = {{The Pan-STARRS wide-field optical/NIR imaging survey}},
    year = {2010},
    booktitle = {Society of Photo-Optical Instrumentation Engineers (SPIE) Conference Series},
    author = {Kaiser, N and Burgett, W and Chambers, K and Denneau, L and Heasley, J and Jedicke, R and Magnier, E and Morgan, J and Onaka, P and Tonry, J},
    month = {7},
    pages = {0},
    series = {Society of Photo-Optical Instrumentation Engineers (SPIE) Conference Series},
    volume = {7733}
}

@article{Kasen2010SupernovaMagnetars,
    title = {{Supernova Light Curves Powered by Young Magnetars}},
    year = {2010},
    journal = {{\textbackslash}apj},
    author = {Kasen, D and Bildsten, L},
    month = {7},
    pages = {245--249},
    volume = {717},
    arxivId = {0911.0680},
    keywords = {radiative transfer, stars: neutron, supernovae: general, supernovae: individual: SN 2005ap SN 2008es SN 20}
}

@article{Kasen2009SupernovaMagnetars,
    title = {{Supernova Light Curves Powered by Young Magnetars}},
    year = {2009},
    author = {Kasen, Daniel and Bildsten, Lars},
    number = {2007},
    pages = {5},
    url = {http://arxiv.org/abs/0911.0680},
    doi = {10.1088/0004-637X/717/1/245},
    issn = {0004-637X},
    arxivId = {0911.0680},
    keywords = {2 that when the, color figures, general, individual, neutron, online-only material, radiative transfer, sn 2005ap, sn 2007bi, sn 2008es, stars, supernovae, timescale of the magne-, we show in section}
}

@article{Kessler2009SNANA:Analysis,
    title = {{SNANA: A Public Software Package for Supernova Analysis}},
    year = {2009},
    journal = {Publications of the Astronomical Society of the Pacific},
    author = {Kessler, Richard and Bernstein, Joseph P and Cinabro, David and Dilday, Benjamin and Frieman, Joshua A and Jha, Saurabh and Kuhlmann, Stephen and Miknaitis, Gajus and Sako, Masao and Taylor, Matt and Vanderplas, Jake},
    number = {883},
    month = {8},
    pages = {1028--1035},
    volume = {121},
    url = {http://iopscience.iop.org/article/10.1086/605984 http://arxiv.org/abs/0908.4280 http://dx.doi.org/10.1086/605984},
    doi = {10.1086/605984},
    issn = {0004-6280},
    arxivId = {0908.4280}
}

@article{Khachiyan1980PolynomialProgramming,
    title = {{Polynomial algorithms in linear programming}},
    year = {1980},
    journal = {USSR Computational Mathematics and Mathematical Physics},
    author = {Khachiyan, L G},
    number = {1},
    pages = {53--72},
    volume = {20},
    issn = {0041-5553}
}

@article{Kostrzewa-rutkowska2013AData,
    title = {{A plausible (overlooked) super-luminous supernova in the sdss stripe 82 data}},
    year = {2013},
    author = {Kostrzewa-rutkowska, Zuzanna and Kozlowski, Szymon and Wyrzykowski, Lukasz and Djorgovski, S George and Glikman, Eilat and Mahabal, Ashish a},
    doi = {10.1088/0004-637X/778/2/168},
    issn = {15384357},
    arxivId = {arXiv:1308.2065v1}
}

@article{Kozyreva2015CanSupernovae,
    title = {{Can pair-instability supernova models match the observations of superluminous supernovae?}},
    year = {2015},
    journal = {Monthly Notices of the Royal Astronomical Society},
    author = {Kozyreva, Alexandra and Blinnikov, S},
    number = {4},
    pages = {4357--4365},
    volume = {454},
    doi = {10.1093/mnras/stv2287},
    issn = {13652966},
    arxivId = {1510.00439},
    keywords = {Radiative transfer, Stars: evolution, Stars: massive, Supernovae: general, Supernovae: individual: LSQ12dlf, Supernovae: individual: PTF12dam}
}

@article{Law2009TheResults,
    title = {{The Palomar Transient Factory : System Overview , Performance , and First Results}},
    year = {2009},
    journal = {Publications of the {\ldots}},
    author = {Law, Nicholas M and Kulkarni, Shrinivas R and Dekany, Richard G and Ofek, Eran O and Quimby, M and Nugent, Peter E and Surace, Jason and Grillmair, Carl C and Bloom, Joshua S and Mansi, M and Bildsten, Lars and Brown, Tim and Cenko, S Bradley and Ciardi, David and Croner, Ernest and George, S and Eyken, Julian Van and Filippenko, Alexei V and Fox, Derek B and Gal-yam, Avishay and Hamam, Nouhad and Helou, George and Henning, John and Howell, D Andrew and Jaco, Janet},
    number = {887},
    pages = {1395--1408},
    volume = {121},
    url = {http://adsabs.harvard.edu/abs/2009PASP..121.1395L},
    doi = {10.1086/648598},
    issn = {0004-6280},
    arxivId = {0906.5350}
}

@article{Leahy2012Double-humpedSupernovae,
    title = {{Double-humped Super-luminous Supernovae}},
    year = {2012},
    author = {Leahy, D and Ouyed, R},
    pages = {2009--2011},
    arxivId = {arXiv:1303.2047v1}
}

@article{Leloudas2015PolarimetrySymmetry,
    title = {{Polarimetry of the Superluminous Supernova LSQ14mo: No Evidence for Significant Deviations from Spherical Symmetry}},
    year = {2015},
    journal = {{\textbackslash}apjl},
    author = {Leloudas, G and Patat, F and Maund, J.~R. and Hsiao, E and Malesani, D and Schulze, S and Contreras, C and de Ugarte Postigo, A and Sollerman, J and Stritzinger, M.~D. and Taddia, F and Wheeler, J.~C. and Gorosabel, J},
    month = {12},
    pages = {L10},
    volume = {815},
    doi = {10.1088/2041-8205/815/1/L10},
    arxivId = {1511.04522},
    keywords = {supernovae: general, supernovae: individual: LSQ14mo}
}

@article{Leloudas2015SpectroscopyEmission,
    title = {{Spectroscopy of superluminous supernova host galaxies . A preference of hydrogen-poor events for extreme emission}},
    year = {2015},
    author = {Leloudas, G and Schulze, S and Kr, T and Gorosabel, J and Christensen, L and Mehner, A and Postigo, A De Ugarte and Amor, R and Th, C C and Anderson, J P},
    number = {2002},
    arxivId = {arXiv:1409.8331v2},
    keywords = {abundances, dark-cosmology, dk, e-mail, galaxies, general, giorgos, starburst, supernovae}
}

@article{Levan2013SUPERLUMINOUSSUPERNOVA,
    title = {{SUPERLUMINOUS X-RAYS FROM A SUPERLUMINOUS SUPERNOVA}},
    year = {2013},
    journal = {The Astrophysical Journal},
    author = {Levan, A J and Read, A M and Metzger, B D and Wheatley, P J and Tanvir, N R},
    number = {2},
    pages = {136},
    volume = {771},
    url = {http://stacks.iop.org/0004-637X/771/i=2/a=136?key=crossref.a01d189cf68c4aa8f836deb4a4673cd5},
    doi = {10.1088/0004-637X/771/2/136},
    issn = {0004-637X},
    arxivId = {arXiv:1304.1173v1}
}

@article{Levan2016LateEmission,
    title = {{Late Time Multi-wavelength Observations of Swift J1644+5734: A Luminous Optical/IR Bump and Quiescent X-Ray Emission}},
    year = {2016},
    journal = {{\textbackslash}apj},
    author = {Levan, A.~J. and Tanvir, N.~R. and Brown, G.~C. and Metzger, B.~D. and Page, K.~L. and Cenko, S.~B. and O'Brien, P.~T. and Lyman, J.~D. and Wiersema, K and Stanway, E.~R. and Fruchter, A.~S. and Perley, D.~A. and Bloom, J.~S.},
    month = {3},
    pages = {51},
    volume = {819},
    doi = {10.3847/0004-637X/819/1/51},
    arxivId = {1509.08945},
    keywords = {galaxies: active, galaxies: jets, supernovae: general}
}

@article{Levan2011AnGalaxy,
    title = {{An Extremely Luminous Panchromatic Outburst from the Nucleus of a Distant Galaxy}},
    year = {2011},
    journal = {Science},
    author = {Levan, A.~J. and Tanvir, N.~R. and Cenko, S.~B. and Perley, D.~A. and Wiersema, K and Bloom, J.~S. and Fruchter, A.~S. and Postigo, A.~d.~U. and O'Brien, P.~T. and Butler, N and van der Horst, A.~J. and Leloudas, G and Morgan, A.~N. and Misra, K and Bower, G.~C. and Farihi, J and Tunnicliffe, R.~L. and Modjaz, M and Silverman, J.~M. and Hjorth, J and Th{\"{o}}ne, C and Cucchiara, A and Cer{\'{o}}n, J.~M.~C. and Castro-Tirado, A.~J. and Arnold, J.~A. and Bremer, M and Brodie, J.~P. and Carroll, T and Cooper, M.~C. and Curran, P.~A. and Cutri, R.~M. and Ehle, J and Forbes, D and Fynbo, J and Gorosabel, J and Graham, J and Hoffman, D.~I. and Guziy, S and Jakobsson, P and Kamble, A and Kerr, T and Kasliwal, M.~M. and Kouveliotou, C and Kocevski, D and Law, N.~M. and Nugent, P.~E. and Ofek, E.~O. and Poznanski, D and Quimby, R.~M. and Rol, E and Romanowsky, A.~J. and S{\'{a}}nchez-Ram{\textbackslash}'{\textbackslash}irez, R and Schulze, S and Singh, N and van Spaandonk, L and Starling, R.~L.~C. and Strom, R.~G. and Tello, J.~C. and Vaduvescu, O and Wheatley, P.~J. and Wijers, R.~A.~M.~J. and Winters, J.~M. and Xu, D},
    month = {7},
    pages = {199},
    volume = {333},
    doi = {10.1126/science.1207143},
    arxivId = {1104.3356}
}

@article{Levan2014ABursts,
    title = {{A New Population of Ultra-long Duration Gamma-Ray Bursts}},
    year = {2014},
    journal = {{\textbackslash}apj},
    author = {Levan, A.~J. and Tanvir, N.~R. and Starling, R.~L.~C. and Wiersema, K and Page, K.~L. and Perley, D.~A. and Schulze, S and Wynn, G.~A. and Chornock, R and Hjorth, J and Cenko, S.~B. and Fruchter, A.~S. and O'Brien, P.~T. and Brown, G.~C. and Tunnicliffe, R.~L. and Malesani, D and Jakobsson, P and Watson, D and Berger, E and Bersier, D and Cobb, B.~E. and Covino, S and Cucchiara, A and de Ugarte Postigo, A and Fox, D.~B. and Gal-Yam, A and Goldoni, P and Gorosabel, J and Kaper, L and Kr{\"{u}}hler, T and Karjalainen, R and Osborne, J.~P. and Pian, E and S{\'{a}}nchez-Ram{\textbackslash}'{\textbackslash}irez, R and Schmidt, B and Skillen, I and Tagliaferri, G and Th{\"{o}}ne, C and Vaduvescu, O and Wijers, R.~A.~M.~J. and Zauderer, B.~A.},
    month = {1},
    pages = {13},
    volume = {781},
    doi = {10.1088/0004-637X/781/1/13},
    arxivId = {1302.2352},
    keywords = {galaxies: distances and redshifts, gamma-ray burst: general, gamma-ray burst: individual: GRB 101225A GRB 1112}
}

@article{Li2010NearbyColour,
    title = {{Nearby Supernova Rates from the Lick Observatory Supernova Search. III. The Rate-Size Relation, and the Rates as a Function of Galaxy Hubble Type and Colour}},
    year = {2010},
    author = {Li, Weidong and Chornock, Ryan and Leaman, Jesse and Filippenko, Alexei V and Poznanski, Dovi and Wang, Xiaofeng and Ganeshalingam, Mohan and Mannucci, Filippo},
    number = {December 2010},
    volume = {000},
    url = {http://arxiv.org/abs/1006.4613 http://dx.doi.org/10.1111/j.1365-2966.2011.18162.x},
    doi = {10.1111/j.1365-2966.2011.18162.x},
    arxivId = {1006.4613},
    keywords = {general, rates, supernovae}
}

@article{Lidman2013AnRedshifts,
    title = {{An Efficient Approach to Obtaining Large Numbers of Distant Supernova Host Galaxy Redshifts}},
    year = {2013},
    journal = {{\textbackslash}pasa},
    author = {Lidman, C and Ruhlmann-Kleider, V and Sullivan, M and Myzska, J and Dobbie, P and Glazebrook, K and Mould, J and Astier, P and Balland, C and Betoule, M and Carlberg, R and Conley, A and Fouchez, D and Guy, J and Hardin, D and Hook, I and Howell, D.~A. and Pain, R and Palanque-Delabrouille, N and Perrett, K and Pritchet, C and Regnault, N and Rich, J},
    month = {1},
    pages = {e001},
    volume = {30},
    doi = {10.1017/pasa.2012.001},
    arxivId = {1205.1306},
    keywords = {cosmology: observations, galaxies: clusters: general, galaxies: general, supernovae: general, white dwarfs}
}

@article{Lilly2007ZCOSMOS:Field,
    title = {{zCOSMOS: A Large VLT/VIMOS Redshift Survey Covering 0  z {\$} 3 in the COSMOS Field}},
    year = {2007},
    journal = {{\textbackslash}apjs},
    author = {Lilly, S.~J. and Le F{\`{e}}vre, O and Renzini, A and Zamorani, G and Scodeggio, M and Contini, T and Carollo, C.~M. and Hasinger, G and Kneib, J.-P. and Iovino, A and Le Brun, V and Maier, C and Mainieri, V and Mignoli, M and Silverman, J and Tasca, L.~A.~M. and Bolzonella, M and Bongiorno, A and Bottini, D and Capak, P and Caputi, K and Cimatti, A and Cucciati, O and Daddi, E and Feldmann, R and Franzetti, P and Garilli, B and Guzzo, L and Ilbert, O and Kampczyk, P and Kovac, K and Lamareille, F and Leauthaud, A and Borgne, J.-F.~L. and McCracken, H.~J. and Marinoni, C and Pello, R and Ricciardelli, E and Scarlata, C and Vergani, D and Sanders, D.~B. and Schinnerer, E and Scoville, N and Taniguchi, Y and Arnouts, S and Aussel, H and Bardelli, S and Brusa, M and Cappi, A and Ciliegi, P and Finoguenov, A and Foucaud, S and Franceschini, A and Halliday, C and Impey, C and Knobel, C and Koekemoer, A and Kurk, J and Maccagni, D and Maddox, S and Marano, B and Marconi, G and Meneux, B and Mobasher, B and Moreau, C and Peacock, J.~A. and Porciani, C and Pozzetti, L and Scaramella, R and Schiminovich, D and Shopbell, P and Smail, I and Thompson, D and Tresse, L and Vettolani, G and Zanichelli, A and Zucca, E},
    month = {9},
    pages = {70--85},
    volume = {172},
    doi = {10.1086/516589},
    keywords = {Cosmology: Large-Scale Structure of Universe, Cosmology: Observations, Galaxies: Active, Galaxies: Distances and Redshifts, Galaxies: Evolution, Galaxies: Quasars: General, Surveys}
}

@article{Lochner2016PHOTOMETRICLEARNING,
    title = {{PHOTOMETRIC SUPERNOVA CLASSIFICATION WITH MACHINE LEARNING}},
    year = {2016},
    journal = {The Astrophysical Journal Supplement Series},
    author = {Lochner, Michelle and McEwen, Jason D and Peiris, Hiranya V and Lahav, Ofer and Winter, Max K},
    number = {2},
    month = {8},
    pages = {31},
    volume = {225},
    url = {http://stacks.iop.org/0067-0049/225/i=2/a=31?key=crossref.e8c866186c9c1b4aec03a7ecf12ccd9b},
    doi = {10.3847/0067-0049/225/2/31},
    issn = {1538-4365}
}

@article{Lunnan2014Hydrogen-poorGalaxies,
    title = {{Hydrogen-poor Superluminous Supernovae and Long-duration Gamma-Ray Bursts Have Similar Host Galaxies}},
    year = {2014},
    journal = {{\textbackslash}apj},
    author = {Lunnan, R and Chornock, R and Berger, E and Laskar, T and Fong, W and Rest, A and Sanders, N.~E. and Challis, P.~M. and Drout, M.~R. and Foley, R.~J. and Huber, M.~E. and Kirshner, R.~P. and Leibler, C and Marion, G.~H. and McCrum, M and Milisavljevic, D and Narayan, G and Scolnic, D and Smartt, S.~J. and Smith, K.~W. and Soderberg, A.~M. and Tonry, J.~L. and Burgett, W.~S. and Chambers, K.~C. and Flewelling, H and Hodapp, K.~W. and Kaiser, N and Magnier, E.~A. and Price, P.~A. and Wainscoat, R.~J.},
    month = {6},
    pages = {138},
    volume = {787},
    arxivId = {1311.0026},
    keywords = {galaxies: abundances, galaxies: dwarf, galaxies: star formation, supernovae: general}
}

@article{Lunnan2013PS1-10bzj:Galaxy,
    title = {{PS1-10bzj: A Fast, Hydrogen-poor Superluminous Supernova in a Metal-poor Host Galaxy}},
    year = {2013},
    journal = {{\textbackslash}apj},
    author = {Lunnan, R and Chornock, R and Berger, E and Milisavljevic, D and Drout, M and Sanders, N.~E. and Challis, P.~M. and Czekala, I and Foley, R.~J. and Fong, W and Huber, M.~E. and Kirshner, R.~P. and Leibler, C and Marion, G.~H. and McCrum, M and Narayan, G and Rest, A and Roth, K.~C. and Scolnic, D and Smartt, S.~J. and Smith, K and Soderberg, A.~M. and Stubbs, C.~W. and Tonry, J.~L. and Burgett, W.~S. and Chambers, K.~C. and Kudritzki, R.-P. and Magnier, E.~A. and Price, P.~A.},
    month = {7},
    pages = {97},
    volume = {771},
    arxivId = {1303.1531},
    keywords = {supernovae: general, supernovae: individual: PS1-10bzj}
}

@article{Lunnan2014ZoomingHst,
    title = {{Zooming in on the progenitors of superluminous supernovae with the hst}},
    year = {2014},
    author = {Lunnan, R and Chornock, R and Berger, E and Rest, A and Fong, W and Scolnic, D and Jones, D O and Soderberg, A M and Challis, P M and Drout, M R and Foley, R J and Huber, M E and Kirshner, R P and Leibler, C and Marion, G H and Mccrum, M and Milisavljevic, D and Narayan, G and Sanders, N E and Smartt, S J and Smith, K W and Tonry, J L and Burgett, W S and Chambers, K C and Flewelling, H and Wainscoat, R J and Waters, C},
    arxivId = {arXiv:1411.1060v2}
}

@article{Maseda2014THESPECTROSCOPY,
    title = {{THE NATURE OF EXTREME EMISSION LINE GALAXIES AT z = 1-2: KINEMATICS AND METALLICITIES FROM NEAR-INFRARED SPECTROSCOPY}},
    year = {2014},
    journal = {The Astrophysical Journal},
    author = {Maseda, Michael V and van der Wel, Arjen and Rix, Hans-Walter and da Cunha, Elisabete and Pacifici, Camilla and Momcheva, Ivelina and Brammer, Gabriel B and Meidt, Sharon E and Franx, Marijn and van Dokkum, Pieter and Fumagalli, Mattia and Bell, Eric F and Ferguson, Henry C and F{\"{o}}rster-Schreiber, Natascha M and Koekemoer, Anton M and Koo, David C and Lundgren, Britt F and Marchesini, Danilo and Nelson, Erica J and Patel, Shannon G and Skelton, Rosalind E and Straughn, Amber N and Trump, Jonathan R and Whitaker, Katherine E},
    number = {1},
    pages = {17},
    volume = {791},
    url = {http://adsabs.harvard.edu/abs/2014ApJ...791...17M},
    doi = {10.1088/0004-637X/791/1/17},
    issn = {0004-637X},
    arxivId = {1406.3351},
    keywords = {galaxies: dwarf, galaxies: evolution, galaxies: formation, galaxies: high-redshift, galaxies: starburst}
}

@article{Mazzali2015SpectrumI,
    title = {{Spectrum formation in Superluminous Supernovae (Type I)}},
    year = {2015},
    journal = {Mon. Not. R. Astron. Soc},
    author = {Mazzali, P A and Sullivan, M and Pian, E and Greiner, J and Kann, D A},
    pages = {3455--3465},
    volume = {3465},
    doi = {10.1093/mnras/stw512},
    issn = {0035-8711},
    arxivId = {arXiv:1603.00388v1},
    keywords = {()}
}

@article{Mazzali2014AnMagnetars,
    title = {{An upper limit to the energy of gamma-ray bursts indicates that GRBs/SNe are powered by magnetars}},
    year = {2014},
    journal = {{\textbackslash}mnras},
    author = {Mazzali, P.~A. and McFadyen, A.~I. and Woosley, S.~E. and Pian, E and Tanaka, M},
    month = {9},
    pages = {67--71},
    volume = {443},
    arxivId = {1406.1209},
    keywords = {gamma-ray burst: general, stars: magnetars, supernovae: general}
}

@article{McCrum2015SelectingSurvey,
    title = {{Selecting superluminous supernovae in faint galaxies from the first year of the Pan-STARRS1 Medium Deep Survey}},
    year = {2015},
    journal = {{\textbackslash}mnras},
    author = {McCrum, M and Smartt, S.~J. and Rest, A and Smith, K and Kotak, R and Rodney, S.~A. and Young, D.~R. and Chornock, R and Berger, E and Foley, R.~J. and Fraser, M and Wright, D and Scolnic, D and Tonry, J.~L. and Urata, Y and Huang, K and Pastorello, A and Botticella, M.~T. and Valenti, S and Mattila, S and Kankare, E and Farrow, D.~J. and Huber, M.~E. and Stubbs, C.~W. and Kirshner, R.~P. and Bresolin, F and Burgett, W.~S. and Chambers, K.~C. and Draper, P.~W. and Flewelling, H and Jedicke, R and Kaiser, N and Magnier, E.~A. and Metcalfe, N and Morgan, J.~S. and Price, P.~A. and Sweeney, W and Wainscoat, R.~J. and Waters, C},
    month = {4},
    pages = {1206--1231},
    volume = {448},
    arxivId = {1402.1631},
    keywords = {supernovae: general, supernovae: individual: PS1-10ahf, supernovae: individual: PS1-10pm}
}

@article{McCrum2013TheRedshift,
    title = {{The superluminous supernova PS1-11ap: Bridging the gap between low and high redshift}},
    year = {2013},
    journal = {Monthly Notices of the Royal Astronomical Society},
    author = {McCrum, M and Smartt, S J and Kotak, R and Rest, a. and Jerkstrand, a. and Inserra, C and Rodney, S a. and Chen, T W and Howell, D a. and Huber, M E and Pastorello, a. and Tonry, J L and Bresolin, F and Kudritzki, R P and Chornock, R and Berger, E and Smith, K and Botticella, M T and Foley, R J and Fraser, M and Milisavljevic, D and Nicholl, M and Riess, a. G and Stubbs, C W and Valenti, S and Wood-Vasey, W M and Wright, D and Young, D R and Drout, M and Czekala, I and Burgett, W S and Chambers, K C and Draper, P and Flewelling, H and Hodapp, K W and Kaiser, N and Magnier, E a. and Metcalfe, N and Price, P a. and Sweeney, W and Wainscoat, R J},
    number = {1},
    pages = {656--674},
    volume = {437},
    doi = {10.1093/mnras/stt1923},
    issn = {00358711},
    arxivId = {arXiv:1310.4417v2},
    keywords = {Supernovae: General, supernovae: Individual: Ps1-11ap}
}

@inproceedings{Moriya2012TypeMedium,
    title = {{Type IIn superluminous supernovae from collision of supernova ejecta and dense circumstellar medium}},
    year = {2012},
    booktitle = {AIP Conference Proceedings},
    author = {Moriya, T J and Blinnikov, S I and Tominaga, N and Yoshida, N and Tanaka, M and Maeda, K and Nomoto, K},
    pages = {391--393},
    volume = {1480},
    isbn = {9780735410923},
    doi = {10.1063/1.4754397},
    issn = {0094243X},
    arxivId = {1204.6109},
    keywords = {circumstellar matter, early Universe, stars: mass-loss, supernovae: individual (SN 2006gy)}
}

@article{Moriya2013Light-curveMedium,
    title = {{Light-curve modelling of superluminous supernova 2006gy: collision between supernova ejecta and a dense circumstellar medium}},
    year = {2013},
    journal = {{\textbackslash}mnras},
    author = {Moriya, T.~J. and Blinnikov, S.~I. and Tominaga, N and Yoshida, N and Tanaka, M and Maeda, K and Nomoto, K},
    month = {1},
    pages = {1020--1035},
    volume = {428},
    arxivId = {1204.6109},
    keywords = {circumstellar matter, early Universe, stars: mass-loss, supernovae: individual: SN 2006gy}
}

@article{Moriya2015RevealingEmission,
    title = {{Revealing the binary origin of Type Ic superluminous supernovae through nebular hydrogen emission}},
    year = {2015},
    journal = {ArXiv e-prints},
    author = {Moriya, T.~J. and Liu, Z.-W. and Mackey, J and Chen, T.-W. and Langer, N},
    month = {10},
    arxivId = {1510.01621},
    keywords = {Astrophysics - High Energy Astrophysical Phenomena, Astrophysics - Solar and Stellar Astrophysics}
}

@article{Moriya2012DipMedium,
    title = {{Dip after Precursor of Super-Luminous Supernovae: An Evidence of Shock Breakout in Dense Circumstellar Medium}},
    year = {2012},
    journal = {Most},
    author = {Moriya, Takashi J and Maeda, Keiichi},
    pages = {4},
    url = {http://arxiv.org/abs/1203.1451},
    doi = {10.1088/2041-8205/756/1/L22},
    arxivId = {1203.1451}
}

@article{Moriya2016ConstrainingSupernovae,
    title = {{Constraining the ellipticity of strongly magnetized neutron stars powering superluminous supernovae}},
    year = {2016},
    journal = {Monthly Notices of the Royal Astronomical Society: Letters},
    author = {Moriya, Takashi J and Tauris, Thomas M},
    number = {1},
    pages = {L55â€“L58},
    volume = {460},
    doi = {10.1093/mnrasl/slw072},
    issn = {17453933},
    arxivId = {1604.03983},
    keywords = {Gravitational waves, Magnetic fields, Stars: neutron, Supernovae: general}
}

@misc{Moriya2012DIVERSITYLOSS,
    title = {{DIVERSITY OF LUMINOUS SUPERNOVAE FROM NON-STEADY MASS LOSS}},
    year = {2012},
    booktitle = {The Astrophysical Journal},
    author = {Moriya, Takashi J and Tominaga, Nozomu},
    number = {2},
    pages = {118},
    volume = {747},
    doi = {10.1088/0004-637X/747/2/118},
    issn = {0004-637X},
    arxivId = {1110.3807}
}

@article{Nakauchi2013BlueBump,
    title = {{Blue Supergiant Model for Ultra-Long Gamma-Ray Burst With Superluminous-Supernova-Like Bump}},
    year = {2013},
    journal = {The Astrophysical Journal},
    author = {Nakauchi, Daisuke and Kashiyama, Kazumi and Suwa, Yudai and Nakamura, Takashi},
    number = {1},
    pages = {67},
    volume = {778},
    url = {http://stacks.iop.org/0004-637X/778/i=1/a=67?key=crossref.eeb47eb470bb79aada619a1e3af157ab},
    doi = {10.1088/0004-637X/778/1/67},
    issn = {0004-637X},
    arxivId = {1307.5061},
    keywords = {gamma-ray burst: general, gamma-ray burst: individual: GRB 111209A GRB 10122}
}

@article{Neill2006TheSurvey,
    title = {{The Type Ia Supernova Rate at z{\~{}}0.5 from the Supernova Legacy Survey}},
    year = {2006},
    journal = {{\textbackslash}aj},
    author = {Neill, J.~D. and Sullivan, M and Balam, D and Pritchet, C.~J. and Howell, D.~A. and Perrett, K and Astier, P and Aubourg, E and Basa, S and Carlberg, R.~G. and Conley, A and Fabbro, S and Fouchez, D and Guy, J and Hook, I and Pain, R and Palanque-Delabrouille, N and Regnault, N and Rich, J and Taillet, R and Aldering, G and Antilogus, P and Arsenijevic, V and Balland, C and Baumont, S and Bronder, J and Ellis, R.~S. and Filiol, M and Gon{\c{c}}alves, A.~C. and Hardin, D and Kowalski, M and Lidman, C and Lusset, V and Mouchet, M and Mourao, A and Perlmutter, S and Ripoche, P and Schlegel, D and Tao, C},
    month = {9},
    pages = {1126--1145},
    volume = {132},
    doi = {10.1086/505532},
    keywords = {Galaxies: Evolution, Galaxies: High-Redshift, Stars: Supernovae: General}
}

@article{Neill2011TheSupernovae,
    title = {{The Extreme Hosts of Extreme Supernovae}},
    year = {2011},
    journal = {{\textbackslash}apj},
    author = {Neill, J.~D. and Sullivan, M and Gal-Yam, A and Quimby, R and Ofek, E and Wyder, T.~K. and Howell, D.~A. and Nugent, P and Seibert, M and Martin, D.~C. and Overzier, R and Barlow, T.~A. and Foster, K and Friedman, P.~G. and Morrissey, P and Neff, S.~G. and Schiminovich, D and Bianchi, L and Donas, J and Heckman, T.~M. and Lee, Y.-W. and Madore, B.~F. and Milliard, B and Rich, R.~M. and Szalay, A.~S.},
    month = {1},
    pages = {15},
    volume = {727},
    doi = {10.1088/0004-637X/727/1/15},
    arxivId = {1011.3512},
    keywords = {galaxies: dwarf, mass function, stars: luminosity function, stars: massive, supernovae: general}
}

@article{Nicholl2014Super-luminousPESSTO,
    title = {{Super-luminous supernovae from PESSTO}},
    year = {2014},
    journal = {arXiv preprint arXiv:1405.1325v2},
    author = {Nicholl, M and Smartt, S J and Jerkstrand, a and Inserra, C and Anderson, J P and Baltay, C and Benetti, S and Chen, T and Feindt, U and Fraser, M and Hadjiyska, E and Howell, D a and Kotak, R and Lawrence, a and Leloudas, G and Margheim, S and Mattila, S and Mccrum, M and Mckinnon, R and Mead, a and Nugent, P and Rabinowitz, D and Rest, a and Smith, K W and Sollerman, J},
    number = {August},
    volume = {000},
    arxivId = {arXiv:1405.1325v2},
    keywords = {231802-560926, general, lsq12dlf, sn 2013dg, sss120810, supernovae}
}

@article{Nicholl2014SuperluminousPESSTO,
    title = {{Superluminous supernovae from PESSTO}},
    year = {2014},
    journal = {Monthly Notices of the Royal Astronomical Society},
    author = {Nicholl, M and Smartt, S J and Jerkstrand, A and Inserra, C and Anderson, J P and Baltay, C and Benetti, S and Chen, T.- W and Elias-Rosa, N and Feindt, U and Fraser, M and Gal-Yam, A and Hadjiyska, E and Howell, D A and Kotak, R and Lawrence, A and Leloudas, G and Margheim, S and Mattila, S and McCrum, M and McKinnon, R and Mead, A and Nugent, P and Rabinowitz, D and Rest, A and Smith, K W and Sollerman, J and Sullivan, M and Taddia, F and Valenti, S and Walker, E S and Young, D R},
    number = {3},
    month = {9},
    pages = {2096--2113},
    volume = {444},
    url = {http://mnras.oxfordjournals.org/cgi/doi/10.1093/mnras/stu1579},
    doi = {10.1093/mnras/stu1579},
    issn = {0035-8711},
    arxivId = {arXiv:1405.1325v2},
    keywords = {231802-560926, general, lsq12dlf, sn 2013dg, sss120810, supernovae}
}

@article{NichollSlowlyA,
    title = {{Slowly fading super - luminous supernovae that are not pair - instability explosions The discovery of a luminous transient , PTF12dam , was first reported 15 by the Palomar Survey Telescope and Rapid Response System ) 3 {$\pi$} survey data , between 13 and 29 A}},
    author = {Nicholl, M and Smartt, S J and Jerkstrand, a and Inserra, C and Mccrum, M and Kotak, R and Fraser, M and Wright, D}
}

@article{Nicholl2015On2015,
    title = {{On the diversity of super-luminous supernovae : ejected mass as the dominant factor arXiv : 1503 . 03310v2 [ astro-ph . SR ] 12 Mar 2015}},
    year = {2015},
    author = {Nicholl, M and Smartt, S J and Jerkstrand, a and Inserra, C and Sim, S a and Chen, T and Benetti, S and Fraser, M and Kankare, E and Maguire, K and Smith, K and Sullivan, M and Valenti, S and Young, D R and Baltay, C and Bauer, F E and Baumont, S and Bersier, D and Botticella, M and Childress, M and Dennefeld, M and Valle, M Della and Feindt, U and Galbany, L and Hadjiyska, E and Guillou, L Le and Leloudas, G and Mazzali, P and Mckinnon, R and Polshaw, J and Rabinowitz, D and Rostami, S and Scalzo, R and Schmidt, B P},
    number = {March},
    volume = {000},
    arxivId = {arXiv:1503.03310v2}
}

@article{Nicholl2015Lsq14bdq:Curve,
    title = {{Lsq14bdq: a type ic super-luminous supernova with a double-peaked light curve}},
    year = {2015},
    author = {Nicholl, M and Smartt, S J and Jerkstrand, a and Sim, S a and Inserra, C and Anderson, J P and Baltay, C and Benetti, S and Feindt, U and Flewelling, H a and Fraser, M and Maguire, K and Mckinnon, R and Huber, M E and Kangas, T and Kankare, E and Kotak, R and Rostami, S and Schulze, S and Smith, K W and Sullivan, M and Tonry, J L and Valenti, S and Young, D R},
    arxivId = {arXiv:1505.01078v1}
}

@article{Nicholl2015SeeingCurves,
    title = {{Seeing double: the frequency and detectability of double-peaked superluminous supernova light curves}},
    year = {2015},
    journal = {ArXiv e-prints},
    author = {Nicholl, M and Smartt, S.~J.},
    month = {11},
    arxivId = {1511.03740},
    keywords = {Astrophysics - High Energy Astrophysical Phenomen, Astrophysics - Solar and Stellar Astrophysics}
}

@article{Nicholl2014Understanding.,
    title = {{understanding super-luminous supernovae .}},
    year = {2014},
    author = {Nicholl, S Benetti M and Cappellaro, E and Pastorello, A and Smartt, S J and Drake, A J and Tomasella, L and Turatto, M and Harutyunyan, A and Taubenberger, S and Hachinger, S and Chen, T and Djorgovski, S G and Fraser, M and Inserra, C and Mazzali, P and Pumo, M L and Sollerman, J and Valenti, S and Young, R and Dennefeld, M and Guillou, L Le and Fleury, M},
    number = {March},
    volume = {000},
    arxivId = {arXiv:1310.1311v3},
    keywords = {004244, 132827, css121015, general, supernovae}
}

@article{Ofek2007SN1260,
    title = {{SN 2006gy: An Extremely Luminous Supernova in the Galaxy NGC 1260}},
    year = {2007},
    journal = {{\textbackslash}apjl},
    author = {Ofek, E.~O. and Cameron, P.~B. and Kasliwal, M.~M. and Gal-Yam, A and Rau, A and Kulkarni, S.~R. and Frail, D.~A. and Chandra, P and Cenko, S.~B. and Soderberg, A.~M. and Immler, S},
    month = {4},
    pages = {L13â€“L16},
    volume = {659},
    keywords = {Stars: Supernovae: General, galaxies: individual (NGC 1260), supernovae: individual (SN 2006gy)}
}

@article{Ouyed2015Quark-novaeSupernovae,
    title = {{Quark-novae in massive binaries : a model for double-humped, hydrogen-poor, superluminous supernovae}},
    year = {2015},
    author = {Ouyed, Rachid and Leahy, Denis and Koning, Nico},
    number = {2014},
    arxivId = {1505.05764}
}

@article{Pan2013SuperluminousShells,
    title = {{Superluminous X-ray emission from the interaction of supernova ejecta with dense circumstellar shells}},
    year = {2013},
    journal = {Monthly Notices of the Royal Astronomical Society},
    author = {Pan, T and Patnaude, Daniel and Loeb, Abraham},
    number = {1},
    pages = {838--848},
    volume = {433},
    doi = {10.1093/mnras/stt780},
    issn = {00358711},
    arxivId = {1303.6958},
    keywords = {Circumstellar matter, Outflows, Shock waves, Supernovae:General-stars:Winds, X-rays:General}
}

@article{Papadopoulos2015DES13S2cmm2015,
    title = {{DES13S2cmm : The First Superluminous Supernova from the Dark Energy Survey arXiv : 1501 . 07232v2 [ astro-ph . HE ] 30 Jan 2015}},
    year = {2015},
    author = {Papadopoulos, A and Andrea, C B D and Sullivan, M and Nichol, R C and Barbary, K and Brown, P J and Covarrubias, R a and Finley, D a and Fischer, J a and Foley, R J and Goldstein, D and Gupta, R R and Kessler, R and Kovacs, E and Kuhlmann, S E and March, M and Nugent, P E and Sako, M and Smith, R C and Spinka, H and Abbott, T M C and Abdalla, F and Allam, S S and Banerji, M and Bernstein, J P and Bernstein, R a and Carnero, A and Costa, L N and Depoy, D L and Desai, S and Gruen, D and Honscheid, K and James, D and Kuehn, K and Kuropatkin, N and Lahav, O},
    number = {February},
    volume = {000},
    arxivId = {arXiv:1501.07232v2},
    keywords = {des13s2cmm, general - stars, supernovae, surveys - stars}
}

@article{Pastorello2010Ultra-brightSupernovae,
    title = {{Ultra-bright Optical Transients are Linked with Type Ic Supernovae}},
    year = {2010},
    journal = {{\textbackslash}apjl},
    author = {Pastorello, A and Smartt, S.~J. and Botticella, M.~T. and Maguire, K and Fraser, M and Smith, K and Kotak, R and Magill, L and Valenti, S and Young, D.~R. and Gezari, S and Bresolin, F and Kudritzki, R and Howell, D.~A. and Rest, A and Metcalfe, N and Mattila, S and Kankare, E and Huang, K.~Y. and Urata, Y and Burgett, W.~S. and Chambers, K.~C. and Dombeck, T and Flewelling, H and Grav, T and Heasley, J.~N. and Hodapp, K.~W. and Kaiser, N and Luppino, G.~A. and Lupton, R.~H. and Magnier, E.~A. and Monet, D.~G. and Morgan, J.~S. and Onaka, P.~M. and Price, P.~A. and Rhoads, P.~H. and Siegmund, W.~A. and Stubbs, C.~W. and Sweeney, W.~E. and Tonry, J.~L. and Wainscoat, R.~J. and Waterson, M.~F. and Waters, C and Wynn-Williams, C.~G.},
    month = {11},
    pages = {L16â€“L21},
    volume = {724},
    arxivId = {1008.2674},
    keywords = {supernovae: general, supernovae: individual: SN 2010gx SCP-06F6 SN 200}
}

@article{Perlmutter1999MeasurementsSupernovae,
    title = {{Measurements of {\textbackslash}Omega{\{}{\textbackslash}{\$}{\}}and {\textbackslash}Lambda{\{}{\textbackslash}{\$}{\}}{\}} from 42 High-Redshift Supernovae}},
    year = {1999},
    journal = {{\textbackslash}apj},
    author = {Perlmutter, S and Aldering, G and Goldhaber, G and Knop, R.~A. and Nugent, P and Castro, P.~G. and Deustua, S and Fabbro, S and Goobar, A and Groom, D.~E. and Hook, I.~M. and Kim, A.~G. and Kim, M.~Y. and Lee, J.~C. and Nunes, N.~J. and Pain, R and Pennypacker, C.~R. and Quimby, R and Lidman, C and Ellis, R.~S. and Irwin, M and McMahon, R.~G. and Ruiz-Lapuente, P and Walton, N and Schaefer, B and Boyle, B.~J. and Filippenko, A.~V. and Matheson, T and Fruchter, A.~S. and Panagia, N and Newberg, H.~J.~M. and Couch, W.~J. and Project, T.~S.~C.},
    month = {6},
    pages = {565--586},
    volume = {517},
    keywords = {COSMOLOGY: DISTANCE SCALE, COSMOLOGY: OBSERVATIONS, Cosmology: Distance Scale, Cosmology: Observations, STARS: SUPERNOVAE: GENERAL, Stars: Supernovae: General}
}

@article{Perrett2010Real-timeSurvey,
    title = {{Real-time Analysis and Selection Biases in the Supernova Legacy Survey}},
    year = {2010},
    journal = {{\textbackslash}aj},
    author = {Perrett, K and Balam, D and Sullivan, M and Pritchet, C and Conley, A and Carlberg, R and Astier, P and Balland, C and Basa, S and Fouchez, D and Guy, J and Hardin, D and Hook, I.~M. and Howell, D.~A. and Pain, R and Regnault, N},
    month = {8},
    pages = {518--532},
    volume = {140},
    arxivId = {1006.2254},
    keywords = {cosmology: observations, methods: data analysis, supernovae: general, surveys, techniques: photometric}
}

@article{Perrett2012EVOLUTIONSURVEY,
    title = {{EVOLUTION IN THE VOLUMETRIC TYPE Ia SUPERNOVA RATE FROM THE SUPERNOVA LEGACY SURVEY}},
    year = {2012},
    journal = {The Astronomical Journal},
    author = {Perrett, K and Sullivan, M and Conley, a. and Gonz{\'{a}}lez-Gait{\'{a}}n, S and Carlberg, R and Fouchez, D and Ripoche, P and Neill, J D and Astier, P and Balam, D and Balland, C and Basa, S and Guy, J and Hardin, D and Hook, I M and Howell, D a. and Pain, R and Palanque-Delabrouille, N and Pritchet, C and Regnault, N and Rich, J and Ruhlmann-Kleider, V and Baumont, S and Lidman, C and Perlmutter, S and Walker, E S},
    number = {2},
    pages = {59},
    volume = {144},
    doi = {10.1088/0004-6256/144/2/59},
    issn = {0004-6256},
    arxivId = {1206.0665}
}

@article{Phillips1993TheSupernovae,
    title = {{The absolute magnitudes of Type IA supernovae}},
    year = {1993},
    journal = {{\textbackslash}apjl},
    author = {Phillips, M.~M.},
    month = {8},
    pages = {L105â€“L108},
    volume = {413},
    keywords = {Astronomical Photometry, Brightness Distribution, Light Curve, Stellar Luminosity, Stellar Magnitude, Supernovae, White Dwarf Stars}
}

@article{Piro2015UsingMaterial,
    title = {{Using double-peaked supernova light curves to study extended material}},
    year = {2015},
    journal = {The Astrophysical Journal Letters},
    author = {Piro, Anthony L},
    number = {1},
    pages = {1--5},
    volume = {808},
    publisher = {IOP Publishing},
    url = {http://dx.doi.org/10.1088/2041-8205/808/2/L51},
    doi = {10.1088/2041-8205/808/2/L51},
    issn = {2041-8213},
    arxivId = {1505.07103v1},
    keywords = {LSQ14bdq), general, individual, lsq14bdq, sn 1993j, supernovae, supernovae: general, supernovae: individual (SN 1993J}
}

@article{Prajs2017The1,
    title = {{The volumetric rate of superluminous supernovae at z âˆ¼ 1}},
    year = {2017},
    journal = {Monthly Notices of the Royal Astronomical Society},
    author = {Prajs, S and Sullivan, M and Smith, M and Levan, A and Karpenka, N V and Edwards, T D P and Walker, C R and Wolf, W M and Balland, C and Carlberg, R and Howell, D A and Lidman, C and Pain, R and Pritchet, C and Ruhlmann-Kleider, V},
    number = {3},
    month = {1},
    pages = {3568--3579},
    volume = {464},
    url = {http://arxiv.org/abs/1605.05250%0Ahttp://dx.doi.org/10.1093/mnras/stw1942 https://academic.oup.com/mnras/article-lookup/doi/10.1093/mnras/stw1942},
    doi = {10.1093/mnras/stw1942},
    issn = {0035-8711},
    arxivId = {1605.05250},
    keywords = {general, supernovae, surveys}
}

@article{Pritchet2004SNLSSurvey,
    title = {{SNLS â€“ the Supernova Legacy Survey}},
    year = {2004},
    journal = {Observing Dark Energy, ASP Conference Series},
    author = {Pritchet, C J and Collaboration, SNLS},
    month = {6},
    pages = {9},
    volume = {339},
    url = {https://arxiv.org/pdf/astro-ph/0406242.pdf http://arxiv.org/abs/astro-ph/0406242},
    issn = {1050-3390},
    arxivId = {0406242},
    keywords = {Astrophysics}
}

@misc{Quimby2014TheSupernova,
    title = {{The First UV Spectra of a Hydrogen-Rich Superluminous Supernova}},
    year = {2014},
    author = {Quimby, R},
    month = {10},
    pages = {13784},
    howpublished = {HST Proposal}
}

@phdthesis{Quimby2006TheSearch,
    title = {{The Texas Supernova Search}},
    year = {2006},
    author = {Quimby, R.~M.},
    school = {The University of Texas at Austin}
}

@article{Quimby2007SNExplosion,
    title = {{SN 2005ap: A Most Brilliant Explosion}},
    year = {2007},
    journal = {{\textbackslash}apjl},
    author = {Quimby, R.~M. and Aldering, G and Wheeler, J.~C. and H{\"{o}}flich, P and Akerlof, C.~W. and Rykoff, E.~S.},
    month = {10},
    pages = {L99â€“L102},
    volume = {668},
    arxivId = {0709.0302},
    keywords = {supernovae: individual (SN 2005ap)}
}

@article{Quimby2011Hydrogen-poorExplosions,
    title = {{Hydrogen-poor superluminous stellar explosions}},
    year = {2011},
    journal = {{\textbackslash}nat},
    author = {Quimby, R.~M. and Kulkarni, S.~R. and Kasliwal, M.~M. and Gal-Yam, A and Arcavi, I and Sullivan, M and Nugent, P and Thomas, R and Howell, D.~A. and Nakar, E and Bildsten, L and Theissen, C and Law, N.~M. and Dekany, R and Rahmer, G and Hale, D and Smith, R and Ofek, E.~O. and Zolkower, J and Velur, V and Walters, R and Henning, J and Bui, K and McKenna, D and Poznanski, D and Cenko, S.~B. and Levitan, D},
    month = {6},
    pages = {487--489},
    volume = {474},
    arxivId = {0910.0059}
}

@article{Quimby2013Rates0.2,
    title = {{Rates of superluminous supernovae at z ?? 0.2}},
    year = {2013},
    journal = {Monthly Notices of the Royal Astronomical Society},
    author = {Quimby, Robert M and Yuan, Fang and Akerlof, Carl and Wheeler, J Craig},
    number = {1},
    pages = {912--922},
    volume = {431},
    doi = {10.1093/mnras/stt213},
    issn = {00358711},
    arxivId = {1302.0911},
    keywords = {Supernovae: General}
}

@article{Rau2009ExploringFactory,
    title = {{Exploring the Optical Transient Sky with the Palomar Transient Factory}},
    year = {2009},
    journal = {Publications of the Astronomical Society of the Pacific},
    author = {Rau, Arne and Kulkarni, Shrinivas R and Law, Nicholas M and Bloom, Joshua S and Ciardi, David and Djorgovski, George S and Fox, Derek B and Gal-Yam, Avishay and Grillmair, Carl C and Kasliwal, Mansi M and Nugent, Peter E and Ofek, Eran O and Quimby, Robert M and Reach, William T and Shara, Michael and Bildsten, Lars and Cenko, S Bradley and Drake, Andrew J and Filippenko, Alexei V and Helfand, David J and Helou, George and Howell, D Andrew and Poznanski, Dovi and Sullivan, Mark},
    number = {886},
    pages = {1334--1351},
    volume = {121},
    url = {http://adsabs.harvard.edu/abs/2009PASP..121.1334R},
    doi = {10.1086/605911},
    issn = {0004-6280},
    arxivId = {0906.5355}
}

@article{Riess1998ObservationalConstant,
    title = {{Observational Evidence from Supernovae for an Accelerating Universe and a Cosmological Constant}},
    year = {1998},
    journal = {{\textbackslash}aj},
    author = {Riess, A.~G. and Filippenko, A.~V. and Challis, P and Clocchiatti, A and Diercks, A and Garnavich, P.~M. and Gilliland, R.~L. and Hogan, C.~J. and Jha, S and Kirshner, R.~P. and Leibundgut, B and Phillips, M.~M. and Reiss, D and Schmidt, B.~P. and Schommer, R.~A. and Smith, R.~C. and Spyromilio, J and Stubbs, C and Suntzeff, N.~B. and Tonry, J},
    month = {9},
    pages = {1009--1038},
    volume = {116},
    keywords = {COSMOLOGY: OBSERVATIONS, STARS: SUPERNOVAE: GENERAL}
}

@article{Santini2012TheData,
    title = {{The evolving slope of the stellar mass function at 0.6 â‰¤ z  4.5 from deep WFC3 data}},
    year = {2012},
    journal = {Astronomy {\&} Astrophysics},
    author = {Santini, P and Fontana, A and Grazian, A and Salimbeni, S and Fontanot, F and Paris, D and Boutsia, K and Castellano, M and Fiore, F and Gallozzi, S and Giallongo, E and Koekemoer, A M and Menci, N and Pentericci, L and Somerville, R S},
    pages = {A33},
    volume = {538},
    url = {http://adsabs.harvard.edu/abs/2012A&A...538A..33S},
    doi = {10.1051/0004-6361/201117513},
    issn = {0004-6361},
    arxivId = {arXiv:1111.5728v2},
    keywords = {galaxies: evolution, galaxies: fundamental parameters, galaxies: high-redshift, galaxies: luminosity function, mass function}
}

@article{Scovacricchi2015CosmologySupernovae,
    title = {{Cosmology with superluminous supernovae}},
    year = {2015},
    journal = {Monthly Notices of the Royal Astronomical Society},
    author = {Scovacricchi, D and Nichol, R C and Bacon, D and Sullivan, M and Prajs, S},
    number = {2},
    pages = {1700--1707},
    volume = {456},
    doi = {10.1093/mnras/stv2752},
    issn = {13652966},
    arxivId = {1511.06670},
    keywords = {Cosmological parameters, Cosmology: observations, Dark energy, Gravitational lensing: weak, Supernovae: general}
}

@article{Smartt2015PESSTOTransient,
    title = {{PESSTO : survey description and products from the first data release by the Public ESO Spectroscopic Survey of Transient}},
    year = {2015},
    author = {Smartt, S J and Valenti, S and Fraser, M and Inserra, C and Young, D R and Sullivan, M and Pastorello, A and Benetti, S and Knapic, C and Molinaro, M and Smareglia, R and Smith, K W and Taubenberger, S and Yaron, O and Anderson, J P and Balland, C and Baltay, C and Barbarino, C and Bauer, F E and Baumont, S and Bersier, D and Bongard, S and Botticella, M T and Bufano, F and Bulla, M and Cappellaro, E and Campbell, H and Childress, M J and Clocchiatti, A and Contreras, C and Danziger, J and Jaeger, T De and Cia, A De and Valle, M Della and Dennefeld, M and Elman, N and Feindt, U and Gall, E and Galbany, L and Greggio, L and Guillou, L L and Hadjiyska, E and Hage, P E and Hillebrandt, W and Hodgkin, S and Hsiao, E Y and James, P A and Kangas, T and Kankare, E and Kotak, R and Kromer, M and Kuncarayakti, H and Leloudas, G and Lundqvist, P and Lyman, J D and Hook, I M and Maguire, K and Manulis, I and Margheim, S J and Mattila, S and Maund, J R and Mccrum, M and Mckinnon, R and Nicholl, M and Nugent, P and Pain, R and Phillips, M M and Polshaw, J and Pumo, M L and Rabinowitz, D and Reilly, E and Schmidt, B and Schulze, S and Sim, S and Sollerman, J and Taddia, F and Tartaglia, L and Terreran, G and Turatto, M and Walker, E and Walton, N A and Wyrzykowski, L and Yuan, F and Zampieri, L},
    volume = {3003},
    arxivId = {arXiv:1411.0299v2},
    keywords = {data analysis, general, instrumentation, methods, spectrographs, spectroscopic, supernovae, surveys, techniques}
}

@article{Smith2016DES14X3taz:Bump,
    title = {{DES14X3taz: A Type I Superluminous Supernova Showing a Luminous, Rapidly Cooling Initial Pre-peak Bump}},
    year = {2016},
    journal = {The Astrophysical Journal Letters},
    author = {Smith, M and Sullivan, M and D'Andrea, C B and Castander, F J and Casas, R and Prajs, S and Papadopoulos, A and Nichol, R C and Karpenka, N V and Bernard, S R and Brown, P and Cartier, R and Cooke, J and Curtin, C and Davis, T M and Finley, D A and Foley, R J and Gal-Yam, A and Goldstein, D A and Gonz{\'{a}}lez-Gait{\'{a}}n, S and Gupta, R R and Howell, D A and Inserra, C and Kessler, R and Lidman, C and Marriner, J and Nugent, P and Pritchard, T A and Sako, M and Smartt, S and Smith, R C and Spinka, H and Thomas, R C and Wolf, R C and Zenteno, A and Abbott, T M C and Benoit-L{\'{e}}vy, A and Bertin, E and Brooks, D and Buckley-Geer, E and Carnero Rosell, A and Carrasco Kind, M and Carretero, J and Crocce, M and Cunha, C E and da Costa, L N and Desai, S and Diehl, H T and Doel, P and Estrada, J and Evrard, A E and Flaugher, B and Fosalba, P and Frieman, J and Gerdes, D W and Gruen, D and Gruendl, R A and James, D J and Kuehn, K and Kuropatkin, N and Lahav, O and Li, T S and Marshall, J L and Martini, P and Miller, C J and Miquel, R and Nord, B and Ogando, R and Plazas, A A and Reil, K and Romer, A K and Roodman, A and Rykoff, E S and Sanchez, E and Scarpine, V and Schubnell, M and Sevilla-Noarbe, I and Soares-Santos, M and Sobreira, F and Suchyta, E and Swanson, M E C and Tarle, G and Walker, A R and Wester, W and {DES Collaboration}},
    pages = {L8},
    volume = {818},
    url = {http://adsabs.harvard.edu/abs/2016ApJ...818L...8S},
    doi = {10.3847/2041-8205/818/1/L8},
    issn = {0004-637X},
    arxivId = {1512.06043}
}

@article{Smith2007SNCarinae,
    title = {{SN 2006gy: Discovery of the Most Luminous Supernova Ever Recorded, Powered by the Death of an Extremely Massive Star like {\textbackslash}eta{\{}{\textbackslash}{\$}{\}}{\}} Carinae}},
    year = {2007},
    journal = {{\textbackslash}apj},
    author = {Smith, N and Li, W and Foley, R.~J. and Wheeler, J.~C. and Pooley, D and Chornock, R and Filippenko, A.~V. and Silverman, J.~M. and Quimby, R and Bloom, J.~S. and Hansen, C},
    month = {9},
    pages = {1116--1128},
    volume = {666},
    keywords = {Stars: Circumstellar Matter, Stars: Evolution, supernovae: individual (SN 2006gy)}
}

@article{Sorokina2015TypeEnvelopes,
    title = {{Type I Superluminous Supernovae as Explosions inside Non-Hydrogen Circumstellar Envelopes}},
    year = {2015},
    journal = {ArXiv e-prints},
    author = {Sorokina, E and Blinnikov, S and Nomoto, K and Quimby, R and Tolstov, A},
    month = {10},
    arxivId = {1510.00834},
    keywords = {Astrophysics - High Energy Astrophysical Phenomena, Astrophysics - Solar and Stellar Astrophysics}
}

@article{Sullivan2011SNLS3:PROBES,
    title = {{SNLS3: CONSTRAINTS ON DARK ENERGY COMBINING THE SUPERNOVA LEGACY SURVEY THREE-YEAR DATA WITH OTHER PROBES}},
    year = {2011},
    journal = {The Astrophysical Journal},
    author = {Sullivan, M and Guy, J and Conley, A and Regnault, N and Astier, P and Balland, C and Basa, S and Carlberg, R G and Fouchez, D and Hardin, D and Hook, I M},
    volume = {737},
    url = {http://iopscience.iop.org/article/10.1088/0004-637X/737/2/102/pdf},
    doi = {10.1088/0004-637X/737/2/102},
    keywords = {cosmological parameters â€“ cosmology, general â€“ surveys, observations â€“ supernovae}
}

@article{Sullivan2006PhotometricCandidates,
    title = {{Photometric Selection of High-Redshift Type Ia Supernova Candidates}},
    year = {2006},
    journal = {{\textbackslash}aj},
    author = {Sullivan, M and Howell, D.~A. and Perrett, K and Nugent, P.~E. and Astier, P and Aubourg, E and Balam, D and Basa, S and Carlberg, R.~G. and Conley, A and Fabbro, S and Fouchez, D and Guy, J and Hook, I and Lafoux, H and Neill, J.~D. and Pain, R and Palanque-Delabrouille, N and Pritchet, C.~J. and Regnault, N and Rich, J and Taillet, R and Aldering, G and Baumont, S and Bronder, J and Filiol, M and Knop, R.~A. and Perlmutter, S and Tao, C},
    month = {2},
    pages = {960--972},
    volume = {131},
    doi = {10.1086/499302},
    keywords = {Cosmology: Distance Scale, Stars: Supernovae: General, Surveys}
}

@article{Taddia2013CarnegieSupernovae,
    title = {{Carnegie Supernova Project: Observations of Type IIn supernovae}},
    year = {2013},
    journal = {Astronomy {\&} Astrophysics},
    author = {Taddia, F and Stritzinger, M D and Sollerman, J and Phillips, M M and Anderson, J P and Boldt, L and Campillay, A and Castell{\'{o}}n, S and Contreras, C and Folatelli, G and Hamuy, M and Heinrich-Josties, E and Krzeminski, W and Morrell, N and Burns, C R and Freedman, W L and Madore, B F and Persson, S E and Suntzeff, N B},
    volume = {555},
    doi = {10.1051/0004-6361/201321180},
    issn = {0004-6361},
    arxivId = {1304.3038}
}

@article{Thone2015APTF12dam,
    title = {{A young stellar environment for the superluminous supernova PTF12dam}},
    year = {2015},
    journal = {Monthly Notices of the Royal Astronomical Society: Letters},
    author = {Th{\"{o}}ne, C C and De Ugarte Postigo, A and Garc{\'{i}}a-Benito, R and Leloudas, G and Schulze, S and Amor{\'{i}}n, R},
    number = {1},
    pages = {L65â€“L69},
    volume = {451},
    doi = {10.1093/mnrasl/slv051},
    issn = {17453933},
    arxivId = {1411.1104},
    keywords = {Galaxies starburst, Galaxies: abundances, Supernovae: individual: PTF12dam}
}

@article{Thone2011The0.33,
    title = {{The unusual {\textbackslash}gamma{\{}{\textbackslash}{\$}{\}}{\}}-ray burst GRB 101225A from a helium star/neutron star merger at redshift 0.33}},
    year = {2011},
    journal = {{\textbackslash}nat},
    author = {Th{\"{o}}ne, C.~C. and de Ugarte Postigo, A and Fryer, C.~L. and Page, K.~L. and Gorosabel, J and Aloy, M.~A. and Perley, D.~A. and Kouveliotou, C and Janka, H.~T. and Mimica, P and Racusin, J.~L. and Krimm, H and Cummings, J and Oates, S.~R. and Holland, S.~T. and Siegel, M.~H. and de Pasquale, M and Sonbas, E and Im, M and Park, W.-K. and Kann, D.~A. and Guziy, S and Garc{\textbackslash}'{\textbackslash}ia, L.~H. and Llorente, A and Bundy, K and Choi, C and Jeong, H and Korhonen, H and Kub{\`{a}}nek, P and Lim, J and Moskvitin, A and Mu{\~{n}}oz-Darias, T and Pak, S and Parrish, I},
    month = {12},
    pages = {72--74},
    volume = {480},
    doi = {10.1038/nature10611},
    arxivId = {1105.3015}
}

@article{Tomczak2013GalaxyGalaxies,
    title = {{Galaxy Stellar Mass Functions from ZFOURGE/CANDELS: An Excess of Low-Mass Galaxies Since z=2 and the Rapid Buildup of Quiescent Galaxies}},
    year = {2013},
    author = {Tomczak, Adam R and Quadri, Ryan F and Tran, Kim-Vy H and Labbe, Ivo and Straatman, Caroline M S and Papovich, Casey and Glazebrook, Karl and Allen, Rebecca and Brammer, Gabriel B and Kacprzak, Glenn G and Kawinwanichakij, Lalitwadee and Kelson, Daniel D and McCarthy, Patrick J and Mehrtens, Nicola and Monson, Andrew J and Persson, S Eric and Spitler, Lee R and Tilvi, Vithal and van Dokkum, Pieter},
    url = {http://arxiv.org/abs/1309.5972 http://dx.doi.org/10.1088/0004-637X/783/2/85},
    doi = {10.1088/0004-637X/783/2/85},
    arxivId = {1309.5972}
}

@article{Valenti2016TheProgenitors,
    title = {{The diversity of Type II supernova versus the similarity in their progenitors}},
    year = {2016},
    journal = {Monthly Notices of the Royal Astronomical Society},
    author = {Valenti, S and Howell, D A and Stritzinger, M D and Graham, M L and Hosseinzadeh, G and Arcavi, I and Bildsten, L and Jerkstrand, A and McCully, C and Pastorello, A and Piro, A L and Sand, D and Smartt, S J and Terreran, G and Baltay, C and Benetti, S and Brown, P and Filippenko, A V and Fraser, M and Rabinowitz, D and Sullivan, M and Yuan, F},
    number = {4},
    month = {3},
    volume = {459},
    url = {http://arxiv.org/abs/1603.08953 http://dx.doi.org/10.1093/mnras/stw870},
    doi = {10.1093/mnras/stw870},
    issn = {13652966},
    arxivId = {1603.08953}
}

@article{vandenHeuvel2013AreClusters,
    title = {{Are Super-Luminous supernovae and Long GRBs produced exclusively in young dense star clusters?}},
    year = {2013},
    journal = {arXiv.org},
    author = {van den Heuvel, Edward P J and Portegies Zwart, Simon},
    pages = {6961},
    volume = {1303},
    url = {http://adsabs.harvard.edu/cgi-bin/nph-data_query?bibcode=2013arXiv1303.6961V&link_type=EJOURNAL%5Cnpapers3://publication/doi/10.1088/0004-637X/779/2/114},
    doi = {10.1088/0004-637X/779/2/114},
    issn = {15384357},
    arxivId = {arXiv:1303.6961v1},
    keywords = {GRB, Gamma-ray bursts, models}
}

@article{vanderWel2011Extreme1,
    title = {{Extreme Emission-line Galaxies in CANDELS: Broadband-selected, Starbursting Dwarf Galaxies at z {\$} 1}},
    year = {2011},
    journal = {{\textbackslash}apj},
    author = {van der Wel, A and Straughn, A.~N. and Rix, H.-W. and Finkelstein, S.~L. and Koekemoer, A.~M. and Weiner, B.~J. and Wuyts, S and Bell, E.~F. and Faber, S.~M. and Trump, J.~R. and Koo, D.~C. and Ferguson, H.~C. and Scarlata, C and Hathi, N.~P. and Dunlop, J.~S. and Newman, J.~A. and Dickinson, M and Jahnke, K and Salmon, B.~W. and de Mello, D.~F. and Kocevski, D.~D. and Lai, K and Grogin, N.~A. and Rodney, S.~A. and Guo, Y and McGrath, E.~J. and Lee, K.-S. and Barro, G and Huang, K.-H. and Riess, A.~G. and Ashby, M.~L.~N. and Willner, S.~P.},
    month = {12},
    pages = {111},
    volume = {742},
    arxivId = {1107.5256},
    keywords = {galaxies: dwarf, galaxies: evolution, galaxies: formation, galaxies: high-redshift, galaxies: starburst}
}

@article{Vreeswijk2014TheEmission,
    title = {{The hydrogen-poor superluminous supernova iPTF13ajg and its host galaxy in absorption and emission}},
    year = {2014},
    journal = {The Astrophysical Journal},
    author = {Vreeswijk, Paul M and Savaglio, Sandra and De Cia, Annalisa and Gal-Yam, Avishay and Quimby, Robert M and Sullivan, Mark and Cenko, S Bradley and Perley, Daniel A and Filippenko, Alexei V and Kutyrev, Alexander S and Toy, Vicki and Nugent, Peter E and Laher, Russ},
    pages = {206--213},
    arxivId = {arXiv:1409.8287v1}
}

@article{Walker2011SupernovaIndicators,
    title = {{Supernova Legacy Survey: using spectral signatures to improve Type Ia supernovae as distance indicators}},
    year = {2011},
    journal = {{\textbackslash}mnras},
    author = {Walker, E.~S. and Hook, I.~M. and Sullivan, M and Howell, D.~A. and Astier, P and Balland, C and Basa, S and Bronder, T.~J. and Carlberg, R and Conley, A and Fouchez, D and Guy, J and Hardin, D and Pain, R and Perrett, K and Pritchet, C and Regnault, N and Rich, J and Aldering, G and Fakhouri, H.~K. and Kronborg, T and Palanque-Delabrouille, N and Perlmutter, S and Ruhlmann-Kleider, V and Zhang, T},
    month = {1},
    pages = {1262--1282},
    volume = {410},
    doi = {10.1111/j.1365-2966.2010.17519.x},
    arxivId = {1008.2308},
    keywords = {cosmology: observations, supernovae: general}
}

@article{WangASupernovae,
    title = {{A Unified Energy-Reservoir Model Containing Contributions from 56 Ni and Neutron Stars and Its Implication to Luminous Type Ic Supernovae}},
    author = {Wang, S Q and Wang, L J and Dai, Z G and Wu, X F},
    pages = {1--24},
    arxivId = {arXiv:1504.04704v1}
}

@article{Wang2016AIPTF13ehe,
    title = {{A TRIPLE-ENERGY-SOURCE MODEL FOR SUPERLUMINOUS SUPERNOVA iPTF13ehe}},
    year = {2016},
    journal = {The Astrophysical Journal},
    author = {Wang, S Q and Liu, L D and Dai, Z G and Wang, L J and Wu, X F},
    number = {2},
    pages = {87},
    volume = {828},
    url = {http://stacks.iop.org/0004-637X/828/i=2/a=87?key=crossref.c10b2d4942bba004e8289594463b0ac6},
    doi = {10.3847/0004-637X/828/2/87},
    issn = {1538-4357},
    arxivId = {1509.05543}
}

@article{Wang2014SuperluminousLeakage,
    title = {{Superluminous Supernovae Powered by Magnetars: Late-time Light Curves and Hard Emission Leakage}},
    year = {2014},
    journal = {The Astrophysical Journal},
    author = {Wang, S Q and Wang, L J and Dai, Z G and Wu, X F},
    number = {1},
    month = {1},
    pages = {1--24},
    volume = {799},
    url = {http://arxiv.org/abs/1411.5126 http://dx.doi.org/10.1088/0004-637X/799/1/107 http://stacks.iop.org/0004-637X/799/i=1/a=107?key=crossref.a1c0da66db58e9d25f58914962f3c277},
    doi = {10.1088/0004-637X/799/1/107},
    issn = {1538-4357},
    arxivId = {1411.5126}
}

@article{WeiTestingSupernovae,
    title = {{Testing Cosmological Models with Type Ic Super Luminous Supernovae}},
    author = {Wei, Jun-jie and Wu, Xue-feng and Melia, Fulvio and Observatory, Purple Mountain and Applied, The and Program, Mathematics},
    pages = {1--33},
    arxivId = {arXiv:1503.06378v1}
}

@article{Woosley2010BrightBirth,
    title = {{Bright Supernovae from Magnetar Birth}},
    year = {2010},
    journal = {{\textbackslash}apjl},
    author = {Woosley, S.~E.},
    month = {8},
    pages = {L204â€“L207},
    volume = {719},
    arxivId = {0911.0698},
    keywords = {hydrodynamics, shock waves, supernovae: general, turbulence}
}

@article{Woosley2007PulsationalSupernovae,
    title = {{Pulsational pair instability as an explanation for the most luminous supernovae}},
    year = {2007},
    journal = {{\textbackslash}nat},
    author = {Woosley, S.~E. and Blinnikov, S and Heger, A},
    month = {11},
    pages = {390--392},
    volume = {450},
    arxivId = {0710.3314}
}

@article{Yan2015DETECTIONSUPERNOVA,
    title = {{DETECTION OF BROAD H{$\alpha$} EMISSION LINES IN THE LATE-TIME SPECTRA OF A HYDROGEN-POOR SUPERLUMINOUS SUPERNOVA}},
    year = {2015},
    journal = {The Astrophysical Journal},
    author = {Yan, Lin and Quimby, R and Ofek, E and Gal-Yam, A and Mazzali, P and Perley, D and Vreeswijk, P M and Leloudas, G and de Cia, A and Masci, F and Cenko, S B and Cao, Y and Kulkarni, S R and Nugent, P E and Rebbapragada, Umaa D and Wo{\'{z}}niak, P R and Yaron, O},
    number = {2},
    pages = {108},
    volume = {814},
    url = {http://stacks.iop.org/0004-637X/814/i=2/a=108?key=crossref.27fccb1ded9b5544524b0fcaab5889d6},
    doi = {10.1088/0004-637X/814/2/108},
    issn = {1538-4357},
    arxivId = {1508.04420}
}

@article{York2000TheSummary,
    title = {{The Sloan Digital Sky Survey: Technical Summary}},
    year = {2000},
    journal = {{\textbackslash}aj},
    author = {York, D.~G. and Adelman, J and Anderson Jr., J.~E. and Anderson, S.~F. and Annis, J and Bahcall, N.~A. and Bakken, J.~A. and Barkhouser, R and Bastian, S and Berman, E and Boroski, W.~N. and Bracker, S and Briegel, C and Briggs, J.~W. and Brinkmann, J and Brunner, R and Burles, S and Carey, L and Carr, M.~A. and Castander, F.~J. and Chen, B and Colestock, P.~L. and Connolly, A.~J. and Crocker, J.~H. and Csabai, I and Czarapata, P.~C. and Davis, J.~E. and Doi, M and Dombeck, T and Eisenstein, D and Ellman, N and Elms, B.~R. and Evans, M.~L. and Fan, X and Federwitz, G.~R. and Fiscelli, L and Friedman, S and Frieman, J.~A. and Fukugita, M and Gillespie, B and Gunn, J.~E. and Gurbani, V.~K. and de Haas, E and Haldeman, M and Harris, F.~H. and Hayes, J and Heckman, T.~M. and Hennessy, G.~S. and Hindsley, R.~B. and Holm, S and Holmgren, D.~J. and Huang, C.-h. and Hull, C and Husby, D and Ichikawa, S.-I. and Ichikawa, T and Ivezi{\'{c}}, Å½ and Kent, S and Kim, R.~S.~J. and Kinney, E and Klaene, M and Kleinman, A.~N. and Kleinman, S and Knapp, G.~R. and Korienek, J and Kron, R.~G. and Kunszt, P.~Z. and Lamb, D.~Q. and Lee, B and Leger, R.~F. and Limmongkol, S and Lindenmeyer, C and Long, D.~C. and Loomis, C and Loveday, J and Lucinio, R and Lupton, R.~H. and MacKinnon, B and Mannery, E.~J. and Mantsch, P.~M. and Margon, B and McGehee, P and McKay, T.~A. and Meiksin, A and Merelli, A and Monet, D.~G. and Munn, J.~A. and Narayanan, V.~K. and Nash, T and Neilsen, E and Neswold, R and Newberg, H.~J. and Nichol, R.~C. and Nicinski, T and Nonino, M and Okada, N and Okamura, S and Ostriker, J.~P. and Owen, R and Pauls, A.~G. and Peoples, J and Peterson, R.~L. and Petravick, D and Pier, J.~R. and Pope, A and Pordes, R and Prosapio, A and Rechenmacher, R and Quinn, T.~R. and Richards, G.~T. and Richmond, M.~W. and Rivetta, C.~H. and Rockosi, C.~M. and Ruthmansdorfer, K and Sandford, D and Schlegel, D.~J. and Schneider, D.~P. and Sekiguchi, M and Sergey, G and Shimasaku, K and Siegmund, W.~A. and Smee, S and Smith, J.~A. and Snedden, S and Stone, R and Stoughton, C and Strauss, M.~A. and Stubbs, C and SubbaRao, M and Szalay, A.~S. and Szapudi, I and Szokoly, G.~P. and Thakar, A.~R. and Tremonti, C and Tucker, D.~L. and Uomoto, A and Vanden Berk, D and Vogeley, M.~S. and Waddell, P and Wang, S.-i. and Watanabe, M and Weinberg, D.~H. and Yanny, B and Yasuda, N and {SDSS Collaboration}},
    month = {9},
    pages = {1579--1587},
    volume = {120},
    doi = {10.1086/301513},
    keywords = {Cosmology: Observations, Instrumentation: Miscellaneous}
}

@article{Zahid2013TheYears,
    title = {{the Chemical Evolution of Star-Forming Galaxies Over the Last 11 Billion Years}},
    year = {2013},
    journal = {The Astrophysical Journal},
    author = {Zahid, H Jabran and Geller, Margaret J and Kewley, Lisa J and Hwang, Ho Seong and Fabricant, Daniel G and Kurtz, Michael J},
    number = {2},
    pages = {L19},
    volume = {771},
    url = {http://adsabs.harvard.edu/abs/2013ApJ...771L..19Z},
    doi = {10.1088/2041-8205/771/2/L19},
    issn = {2041-8205},
    arxivId = {1303.5987},
    keywords = {galaxies: ISM, galaxies: abundances, galaxies: evolution, galaxies: high-redshift}
}

@article{Zhang2014HowBurst,
    title = {{How Long does a Burst Burst?}},
    year = {2014},
    journal = {{\textbackslash}apj},
    author = {Zhang, B.-B. and Zhang, B and Murase, K and Connaughton, V and Briggs, M.~S.},
    month = {5},
    pages = {66},
    volume = {787},
    doi = {10.1088/0004-637X/787/1/66},
    arxivId = {1310.2540},
    keywords = {gamma-ray burst: general}
}

@article{Zwicky1938OnSupernovae,
    title = {{On the Search for Supernovae}},
    year = {1938},
    journal = {{\textbackslash}pasp},
    author = {Zwicky, F},
    month = {8},
    pages = {215},
    volume = {50}
}

@article{Zwicky1938OnSupernovae.,
    title = {{On the Frequency of Supernovae.}},
    year = {1938},
    journal = {{\textbackslash}apj},
    author = {Zwicky, F},
    month = {12},
    pages = {529},
    volume = {88}
}

@article{2016OnSupernovae,
    title = {{On the nature of Hydrogen-rich Superluminous Supernovae}},
    year = {2016},
    journal = {ArXiv e-prints},
    month = {4},
    arxivId = {1604.01226}
}